%% This BibTeX bibliography file was created using BibDesk.
%% http://bibdesk.sourceforge.net/

%% Created for Bartosz Wiland at 2019-05-06 00:37:19 +0200 


%% Saved with string encoding Unicode (UTF-8) 



@article{Salzmann2006,
	Author = {Martin Salzmann},
	Date-Added = {2019-05-05 15:42:30 +0200},
	Date-Modified = {2019-05-06 00:17:01 +0200},
	Editor = {Noureddine Elouazizi and Frank Landsbergen and Maika Poss and Martin Salzmann},
	Journal = {Leiden {Papers in Linguistics}},
	Number = {1},
	Pages = {17--50},
	Publisher = {Leiden: LUCL},
	Title = {Resumptive Pronouns and Matching Effects in {Z\"{u}rich German} Relative Clauses as Distributed Deletion},
	Volume = {3},
	Year = {2006}}

@article{BB,
	Author = {Ellen Brandner and Iris Br\"{a}uning},
	Date-Added = {2019-05-05 15:39:43 +0200},
	Date-Modified = {2019-05-05 15:41:54 +0200},
	Journal = {Linguistische Berichte},
	Pages = {131-169},
	Title = {Relative \textit{wo} in {A}lemannic: {O}nly a complementizer?},
	Volume = {234},
	Year = {2013}}

@book{Nagorko1998,
	Author = {Alicja Nag{\'o}rko},
	Date-Added = {2019-05-01 16:28:29 +0200},
	Date-Modified = {2019-05-01 16:37:12 +0200},
	Publisher = {Warsaw: PWN},
	Title = {Zarys gramatyki polskiej (ze s{\l}owotw{\'o}rstwem)},
	Year = {1998}}

@article{Tajsner2018,
	Author = {Przemys{\l}aw Tajsner},
	Date-Added = {2019-04-08 21:40:41 +0200},
	Date-Modified = {2019-04-10 02:28:27 +0200},
	Doi = {10.1515/psicl-2018-0022},
	Journal = {Pozna\'n Studies in Contemporary Linguistics},
	Number = {4},
	Pages = {541-572},
	Title = {On left-peripheral particle \emph{to} in {Polish} and {Czech}: {A} focus, a topic head, or neither?},
	Volume = {54},
	Year = {2018},
	Bdsk-Url-1 = {https://doi.org/10.1515/psicl-2018-0022}}

@article{StarkeLA,
	Author = {Michal Starke},
	Date-Added = {2019-03-26 22:20:09 +0100},
	Date-Modified = {2019-03-26 22:20:57 +0100},
	Journal = {Linguistic Analysis},
	Number = {1},
	Pages = {245-256},
	Title = {Cleaning up the lexicon},
	Volume = {39},
	Year = {2014}}

@book{Rounds2001,
	Author = {Carol Rounds},
	Date-Added = {2019-03-24 17:23:37 +0100},
	Date-Modified = {2019-03-28 01:21:43 +0100},
	Publisher = {London: Routledge},
	Title = {Hungarian: {A}n essential grammar},
	Year = {2001}}

@phdthesis{Mihalicek,
	Author = {Vedrana Mihalicek},
	Date-Added = {2019-03-24 14:16:39 +0100},
	Date-Modified = {2019-04-10 02:45:13 +0200},
	School = {The Ohio State University},
	Title = {Serbo-{C}roatian word order: {A} logical approach},
	Year = {2012}}

@inproceedings{Flier1972,
	Author = {Michael Flier},
	Booktitle = {The {S}lavic word: {P}roceedings of the {International Slavistic Colloquium at UCLA, September} 11-16, 1970},
	Date-Added = {2019-03-21 21:34:10 +0100},
	Date-Modified = {2019-03-27 21:43:51 +0100},
	Editor = {Dean S. Worth},
	Pages = {236-253},
	Publisher = {The Hague: Mouton},
	Title = {On the source of derived imperfectives in {R}ussian},
	Year = {1972}}

@incollection{Halle1963,
	Author = {Morris Halle},
	Booktitle = {American Contributions to the {F}ifth {I}nternational {C}ongress of {S}lavicists, {S}ofia, 1963},
	Date-Added = {2019-03-21 21:30:25 +0100},
	Date-Modified = {2019-03-21 21:33:43 +0100},
	Pages = {113-132},
	Publisher = {The Hague: Mouton},
	Title = {O pravilax russkogo sprja\v{z}enija (Predvaritel'noe soob\v{s}\v{c}enie)},
	Volume = {1},
	Year = {1963}}

@book{Isacenko1962,
	Author = {{Aleksandr V.} Isa{\v c}enko},
	Date-Added = {2019-03-21 21:01:14 +0100},
	Date-Modified = {2019-03-21 21:14:34 +0100},
	Publisher = {Halle (Saale): Max Niemeyer Verlag},
	Title = {Die russische {S}prache der {G}egenwart: {F}ormenlehre},
	Year = {1962}}

@book{Szpyra1989,
	Author = {Jolanta Szpyra},
	Date-Added = {2019-03-21 20:57:42 +0100},
	Date-Modified = {2019-03-28 01:29:36 +0100},
	Publisher = {London and New York: Routledge},
	Title = {The phonology-morphology interface: {C}ycles, levels, and words},
	Year = {1989}}

@book{GP1979,
	Author = {Renata Grzegorczykowa and Jadwiga Puzynina},
	Date-Added = {2019-03-21 20:55:19 +0100},
	Date-Modified = {2019-03-21 20:57:12 +0100},
	Publisher = {Warsaw: PWN},
	Title = {S\l{}owotw\'orstwo wsp\'o\l{}czesnego j\k{e}zyka polskiego},
	Year = {1979}}

@book{Komarek2006,
	Author = {Miroslav Kom\'arek},
	Date-Added = {2019-03-21 20:49:22 +0100},
	Date-Modified = {2019-03-21 20:50:59 +0100},
	Publisher = {Olomouc: Periplum},
	Title = {P\v{r}\'isp\v{e}vky k \v{c}esk\'e morfologii},
	Year = {2006}}

@book{Levin-Rapp2005,
	Author = {Beth Levin and Malka {Rappaport Hovav}},
	Date-Added = {2019-03-20 00:23:47 +0100},
	Date-Modified = {2019-03-20 00:24:40 +0100},
	Publisher = {Cambridge, UK: Cambridge University Press},
	Title = {Argument realization},
	Year = {2005}}

@incollection{Borer2003,
	Author = {Hagit Borer},
	Booktitle = {The Nature of Explanation in Linguistic Theory},
	Date-Added = {2019-03-20 00:19:15 +0100},
	Date-Modified = {2019-05-05 21:43:46 +0200},
	Editor = {John Moore and Maria Polinsky},
	Pages = {31-67},
	Publisher = {Stanford, CA: CSLI Publications},
	Title = {Exo-skeletal and endo-skeletal explanations: {S}yntactic projections and the lexicon},
	Year = {2003}}

@phdthesis{Mateu2002,
	Author = {Jaume Mateu},
	Date-Added = {2019-03-20 00:13:48 +0100},
	Date-Modified = {2019-03-20 00:15:27 +0100},
	School = {Universitat Aut\`onoma de Barcelona},
	Title = {Argument structure. {R}elational construal at the syntax-semantics interface},
	Year = {2002}}

@article{Goldberg-Jackendoff2004,
	Author = {Adele Goldberg and Ray Jackendoff},
	Date-Added = {2019-03-20 00:07:30 +0100},
	Date-Modified = {2019-05-05 23:40:07 +0200},
	Journal = {Language},
	Number = {3},
	Pages = {532-568},
	Title = {The {E}nglish resultative as a family of constructions},
	Volume = {80},
	Year = {2004},
	Bdsk-Url-1 = {https://www.jstor.org/stable/4489722}}

@book{Jackendoff2002,
	Author = {Ray Jackendoff},
	Date-Added = {2019-03-20 00:06:09 +0100},
	Date-Modified = {2019-03-20 00:06:51 +0100},
	Publisher = {Oxford: Oxford University Press},
	Title = {Foundations of language},
	Year = {2002}}

@article{Booij2002,
	Author = {Gert Booij},
	Date-Added = {2019-03-20 00:02:55 +0100},
	Date-Modified = {2019-03-20 00:05:41 +0100},
	Doi = {10.1017/S1470542702000168},
	Journal = {Journal of Germanic Linguistics},
	Number = {4},
	Pages = {301-329},
	Title = {Constructional Idioms, Morphology, and the {D}utch Lexicon},
	Volume = {14},
	Year = {2002},
	Bdsk-Url-1 = {https://doi.org/10.1017/S1470542702000168}}

@book{Goldberg2006,
	Author = {Adele Goldberg},
	Date-Added = {2019-03-20 00:00:21 +0100},
	Date-Modified = {2019-03-27 21:44:29 +0100},
	Publisher = {Oxford: Oxford University Press},
	Title = {Constructions at Work: {T}he Nature of Generalization in Language},
	Year = {2006}}

@book{Goldberg1995,
	Author = {Adele Goldberg},
	Date-Added = {2019-03-19 23:57:49 +0100},
	Date-Modified = {2019-03-27 21:44:16 +0100},
	Publisher = {Chicago: University of Chicago Press},
	Title = {Constructions: {A} construction grammar approach to argument structure},
	Year = {1995}}

@incollection{Scheer2011,
	Author = {Tobias Scheer},
	Booktitle = {From present to past and back},
	Date-Added = {2019-03-16 03:29:39 +0100},
	Date-Modified = {2019-03-16 03:31:07 +0100},
	Editor = {Roman Suka{\`e}},
	Pages = {165--187},
	Publisher = {Frankfurt am Main: Peter Lang},
	Title = {Home-made {Western Slavic} vowel length},
	Year = {2011}}

@incollection{Chomsky1993,
	Author = {Noam Chomsky},
	Booktitle = {The View from {B}uilding 20: {E}ssays in Linguistics in Honor of {S}ylvain {B}romberger},
	Date-Added = {2019-03-15 03:50:31 +0100},
	Date-Modified = {2019-03-27 21:25:18 +0100},
	Editor = {Kenneth Hale and Samuel J. Keyser},
	Pages = {1--52},
	Publisher = {Cambridge, MA: MIT Press},
	Title = {A minimalist program for linguistic theory},
	Year = {1993}}

@incollection{Steriade2016,
	Author = {Donca Steriade},
	Booktitle = {The morpheme debate},
	Date-Added = {2019-03-12 00:55:39 +0100},
	Date-Modified = {2019-03-12 01:04:00 +0100},
	Doi = {10.1093/acprof:oso/9780198702108.003.0006},
	Editor = {Ana Lu\'is and Ricardo Berm\'udez-Otero},
	Pages = {112--172},
	Publisher = {Oxford: Oxford University Press},
	Title = {The morphome vs similarity-based syncretism: {L}atin \textit{t}-stem derivatives},
	Year = {2016},
	Bdsk-Url-1 = {https://doi.org/10.1093/acprof:oso/9780198702108.003.0006}}

@unpublished{Kiparsky2018,
	Author = {Paul Kiparsky},
	Date-Added = {2019-03-12 00:53:11 +0100},
	Date-Modified = {2019-03-28 00:17:23 +0100},
	Note = {Manuscript, Stanford University},
	Title = {Outward Sensitive Allomorphy in {Nez Perce}?},
	Year = {2018}}

@incollection{Scheer2003,
	Author = {Tobias Scheer},
	Booktitle = {Investigations into formal {S}lavic linguistics},
	Date-Added = {2019-03-11 02:32:37 +0100},
	Date-Modified = {2019-04-10 02:51:09 +0200},
	Editor = {Petr Kosta and Joanna B\l{}aszczak and Jens Frasek and Ljudmila Geist and Marzena \.Zygis},
	Pages = {97--118},
	Publisher = {Frankfurt am Main: Peter Lang},
	Title = {The key to {C}zech vowel length: {T}emplates},
	Year = {2003}}

@incollection{Cardinaletti-Starke1999,
	Author = {Anna Cardinaletti and Michal Starke},
	Booktitle = {Clitics in the language of {E}urope},
	Date-Added = {2019-03-03 23:38:45 +0100},
	Date-Modified = {2019-04-10 02:38:25 +0200},
	Doi = {10.1515/9783110804010.145},
	Editor = {Henk van Riemsdijk},
	Pages = {145--253},
	Publisher = {Berlin: Mouton de Gruyter},
	Title = {The typology of structural deficiency: {A} case study of the three classes of pronouns},
	Year = {1999},
	Bdsk-Url-1 = {https://doi.org/10.1515/9783110804010.145}}

@article{Caha-Zikova,
	Author = {Pavel Caha and Marketa Zikov\'a},
	Date-Added = {2019-02-28 04:30:54 +0100},
	Date-Modified = {2019-05-05 22:00:19 +0200},
	Doi = {10.1556/064.2016.63.3.3},
	Journal = {Acta Linguistica Hungarica},
	Number = {3},
	Pages = {331--377},
	Title = {Vocalic alternations in {C}zech prefixes: {E}vidence for prefix movement},
	Volume = {63},
	Year = {2016},
	Bdsk-Url-1 = {https://doi.org/10.1556/064.2016.63.3.3}}

@article{Sven2004,
	Author = {Peter Svenonius},
	Date-Added = {2019-02-28 04:27:02 +0100},
	Date-Modified = {2019-04-10 02:52:48 +0200},
	Doi = {10.7557/12.67},
	Journal = {Nordlyd},
	Number = {2},
	Pages = {177--204},
	Title = {Slavic prefixes and morphology: {A}n introduction to the {N}ordlyd volume},
	Volume = {32},
	Year = {2004},
	Bdsk-Url-1 = {https://doi.org/10.7557/12.67}}

@article{Bach1986,
	Author = {Emmon Bach},
	Date-Added = {2019-02-25 23:38:06 +0100},
	Date-Modified = {2019-02-25 23:40:20 +0100},
	Doi = {10.1007/BF00627432},
	Journal = {Linguistics and Philosophy},
	Pages = {5--16},
	Title = {The algebra of events},
	Volume = {9},
	Year = {1986},
	Bdsk-Url-1 = {https://doi.org/10.1007/BF00627432}}

@article{Renat1979,
	Author = {Renaat Declerck},
	Date-Added = {2019-02-25 23:31:49 +0100},
	Date-Modified = {2019-02-25 23:44:53 +0100},
	Doi = {10.1515/ling.1979.17.9-10.761},
	Journal = {Linguistics},
	Number = {9--10},
	Pages = {761--794},
	Title = {Aspect and the bounded/unbounded (telic/atelic) distinction},
	Volume = {17},
	Year = {1979},
	Bdsk-Url-1 = {https://doi.org/10.1515/ling.1979.17.9-10.761}}

@incollection{Dickey2016,
	Author = {Stephen Dickey},
	Booktitle = {Routledge Handbook of Semantics},
	Date-Added = {2019-02-25 23:14:09 +0100},
	Date-Modified = {2019-02-25 23:15:27 +0100},
	Editor = {Nick Riemer},
	Pages = {338--353},
	Publisher = {London: Routledge},
	Title = {Lexical and Grammatical Aspect},
	Year = {2016}}

@book{deSwart1998,
	Author = {Henriette {de Swart}},
	Date-Added = {2019-02-25 23:03:12 +0100},
	Date-Modified = {2019-02-25 23:04:42 +0100},
	Publisher = {Stanford, CA: CSLI Publications},
	Title = {Introduction to Natural Language Semantics},
	Year = {1998}}

@unpublished{CCW-root,
	Author = {Pavel Caha and Karen {De Clercq} and Guido {Vanden Wyngaerd}},
	Date-Added = {2019-02-23 02:00:40 +0100},
	Date-Modified = {2019-05-05 21:58:57 +0200},
	Note = {Manuscript, https://ling.auf.net/lingbuzz/004391},
	Title = {On the difference between a √  and a root},
	Year = {2019},
	Bdsk-Url-1 = {https://ling.auf.net/lingbuzz/004391}}

@article{Lohndal2011,
	Author = {Terje Lohndal},
	Date-Added = {2018-12-25 17:19:01 +0100},
	Date-Modified = {2018-12-25 17:20:14 +0100},
	Doi = {10.1017/S0022226710000010},
	Journal = {Journal of Linguistics},
	Number = {1},
	Pages = {163--199},
	Title = {Freezing effects and objects},
	Volume = {47},
	Year = {2011},
	Bdsk-Url-1 = {https://doi.org/10.1017/S0022226710000010}}

@incollection{Rizzi2006,
	Author = {Luigi Rizzi},
	Booktitle = {On {Wh}-movement},
	Date-Added = {2018-12-25 17:13:29 +0100},
	Date-Modified = {2019-05-06 00:05:16 +0200},
	Editor = {Lisa Cheng and Norbert Corver},
	Pages = {97--133},
	Publisher = {Cambridge, MA: MIT Press},
	Title = {On the Form of Chains: {C}riterial Positions and {ECP} Effects},
	Year = {2006}}

@book{Bux2008,
	Author = {Cedric Boeckx},
	Date-Added = {2018-12-25 17:12:47 +0100},
	Date-Modified = {2018-12-25 17:13:01 +0100},
	Publisher = {Oxford: Oxford University Press},
	Title = {Bare syntax},
	Year = {2008}}

@incollection{RizziShlonsky2007,
	Author = {Luigi Rizzi and Ur Shlonsky},
	Booktitle = {Interfaces {$+$} recursion {$=$} language? {C}homsky's minimalism and the view from syntax-semantics},
	Date-Added = {2018-12-25 17:12:47 +0100},
	Date-Modified = {2019-04-10 02:49:44 +0200},
	Editor = {Hans-Martin G\"artner and Uli Sauerland},
	Pages = {115--160},
	Publisher = {Berlin: Mouton de Gruyter},
	Title = {Strategies of subject extraction},
	Year = {2007}}

@incollection{Chomsky2000,
	Author = {Noam Chomsky},
	Booktitle = {Step by Step. {E}ssays on Minimalist Syntax in Honor of {H}oward {L}asnik},
	Date-Added = {2018-12-24 02:53:14 +0100},
	Date-Modified = {2019-04-10 02:39:00 +0200},
	Editor = {Roger Martin and David Michaels and Juan Uriagereka},
	Pages = {89--155},
	Publisher = {Cambridge, MA: MIT Press},
	Title = {Minimalist inquiries: {T}he framework},
	Year = {2000}}

@article{BG2007,
	Author = {Cedric Boeckx and Kleanthes Grohmann},
	Date-Added = {2018-12-17 02:42:16 +0100},
	Date-Modified = {2018-12-17 02:43:37 +0100},
	Doi = {10.1111/j.1467-9612.2007.00098.x},
	Journal = {Syntax},
	Number = {2},
	Pages = {204--222},
	Title = {Putting Phases in Perspective},
	Volume = {10},
	Year = {2007},
	Bdsk-Url-1 = {https://doi.org/10.1111/j.1467-9612.2007.00098.x}}

@article{Collins1994,
	Author = {Chris Collins},
	Date-Added = {2018-12-17 02:40:34 +0100},
	Date-Modified = {2019-05-05 22:05:40 +0200},
	Journal = {Linguistic Inquiry},
	Number = {1},
	Pages = {45--61},
	Title = {Economy of Derivation and the {Generalized Proper Binding Condition}},
	Volume = {25},
	Year = {1994},
	Bdsk-Url-1 = {https://www.jstor.org/stable/4178848}}

@article{Browning1991,
	Author = {M.A. Browning},
	Date-Added = {2018-12-17 02:36:27 +0100},
	Date-Modified = {2019-05-05 22:05:27 +0200},
	Journal = {Linguistic Inquiry},
	Number = {3},
	Pages = {541--562},
	Title = {Bounding Conditions on Representations},
	Volume = {22},
	Year = {1991},
	Bdsk-Url-1 = {https://www.jstor.org/stable/4178735}}

@book{Grewendorf1989,
	Author = {G\"{u}nther Grewendorf},
	Date-Added = {2018-12-17 02:28:59 +0100},
	Date-Modified = {2018-12-17 02:29:43 +0100},
	Publisher = {Dordrecht: Foris},
	Title = {Ergativity in {G}erman},
	Year = {1989}}

@book{Fanselow1987,
	Author = {Gisbert Fanselow},
	Date-Added = {2018-12-17 02:28:15 +0100},
	Date-Modified = {2018-12-17 02:28:40 +0100},
	Publisher = {T\"{u}bingen: Narr},
	Title = {Konfigurationalit\"{a}t},
	Year = {1987}}

@book{LS1992,
	Author = {Howard Lasnik and Mamoru Saito},
	Date-Added = {2018-12-17 02:21:21 +0100},
	Date-Modified = {2019-03-28 01:20:17 +0100},
	Publisher = {Cambridge, MA: MIT Press},
	Title = {Move α: {C}onditions on its application and output},
	Year = {1992}}

@incollection{Huy1976,
	Author = {{M. A. C.} Huybregts},
	Booktitle = {Lijnen van taaltheoretisch ondezoek},
	Date-Added = {2018-12-17 01:15:20 +0100},
	Date-Modified = {2019-05-05 23:51:02 +0200},
	Editor = {Geert Koefoed and Arnold Evers},
	Pages = {303--366},
	Publisher = {Groningen: H. D. Tjeenk Willink},
	Title = {Vragende(r)wijs: {P}rogressieve taalkunde},
	Year = {1976}}

@book{LasnikSaito1992,
	Author = {Howard Lasnik and Mamoru Saito},
	Date-Added = {2018-12-17 01:15:20 +0100},
	Date-Modified = {2018-12-17 01:15:20 +0100},
	Publisher = {Cambridge, MA: MIT Press},
	Title = {Move $\alpha$: {C}onditions on its application and output},
	Year = {1992}}

@book{Muller1998,
	Author = {Gereon M\"{u}ller},
	Date-Added = {2018-12-17 01:15:20 +0100},
	Date-Modified = {2019-04-10 02:45:46 +0200},
	Publisher = {Dordrecht: Kluwer Academic Publishers},
	Title = {Incomplete category fronting: {A} derivational approach to remnant movement in {G}erman},
	Year = {1998}}

@article{Muller2010,
	Author = {Gereon M\"{u}ller},
	Date-Added = {2018-12-17 01:15:20 +0100},
	Date-Modified = {2018-12-17 02:35:54 +0100},
	Doi = {10.1162/ling.2010.41.1.35},
	Journal = {Linguistic Inquiry},
	Number = {1},
	Pages = {35--82},
	Title = {On deriving {CED} effects from {PIC}},
	Volume = {41},
	Year = {2010},
	Bdsk-Url-1 = {https://doi.org/10.1162/ling.2010.41.1.35}}

@article{Postal1972,
	Author = {Paul Postal},
	Date-Added = {2018-12-17 01:15:20 +0100},
	Date-Modified = {2019-05-06 00:04:00 +0200},
	Journal = {Linguistic Inquiry},
	Number = {2},
	Pages = {211-222},
	Title = {On some rules that are not successive-cyclic},
	Volume = {3},
	Year = {1972},
	Bdsk-Url-1 = {https://www.jstor.org/stable/4177702}}

@incollection{Corver2017,
	Author = {Norber Corver},
	Booktitle = {The {Wiley Blackwell} companion to syntax},
	Chapter = {28},
	Date-Added = {2018-12-17 00:03:27 +0100},
	Date-Modified = {2018-12-17 01:12:37 +0100},
	Doi = {10.1002/9781118358733.wbsyncom055},
	Edition = {2nd edition},
	Editor = {Martin Everaert and Henk van Riemsdijk},
	Pages = {1--33},
	Publisher = {John Wiley \& Sons},
	Title = {Freezing effects},
	Year = {2017},
	Bdsk-Url-1 = {https://doi.org/10.1002/9781118358733.wbsyncom055}}

@inproceedings{Wiland-NELS48,
	Author = {Bartosz Wiland},
	Booktitle = {{NELS 48}: {P}roceedings of the forty-eighth annual meeting of the {North East Linguistic Society}},
	Date-Added = {2018-12-16 03:00:33 +0100},
	Date-Modified = {2018-12-16 03:08:00 +0100},
	Editor = {Sherry Hucklebridge and Max Nelson},
	Pages = {235--244},
	Publisher = {GLSA Publications, University of Massachusetts},
	Title = {Anti-freezing and peeling},
	Volume = {3},
	Year = {2018}}

@incollection{Dimm1989,
	Author = {Gerrit J. Dimmendaal},
	Booktitle = {Current Progress in {C}hadic linguistics: {P}roceedings of the {I}nternational {S}ymposium on {C}hadic {L}inguistics, {B}oulder, {C}olorado, 1-2 {M}ay 1987},
	Date-Added = {2018-08-09 14:54:13 +0000},
	Date-Modified = {2018-08-09 14:56:30 +0000},
	Editor = {Zygmunt Frajzyngier},
	Pages = {87-110},
	Publisher = {Amsterdam/Philadelphia: John Benjamins},
	Title = {Complementizers in {H}ausa},
	Year = {1989}}

@incollection{WoodMarantz2017,
	Author = {Jim Wood and Alec Marantz},
	Booktitle = {The verbal domain},
	Date-Added = {2018-08-08 23:33:47 +0000},
	Date-Modified = {2018-08-08 23:35:37 +0000},
	Editor = {Roberta D'Alessando and Irene Franco and \'Angel J. Gallego},
	Pages = {255-278},
	Publisher = {Oxford: Oxford University Press},
	Title = {The interpretation of external arguments},
	Year = {2017}}

@unpublished{Starke2011,
	Author = {Michal Starke},
	Date-Added = {2018-08-07 19:37:17 +0000},
	Date-Modified = {2018-08-07 19:38:11 +0000},
	Note = {CASTL/University of Troms\o},
	Title = {Lectures on {N}anosyntax},
	Year = {2011}}

@book{Rubach1993,
	Author = {Jerzy Rubach},
	Date-Added = {2018-08-04 22:02:35 +0000},
	Date-Modified = {2018-08-04 22:03:13 +0000},
	Publisher = {Oxford: Oxford University Press},
	Title = {The Lexical Phonology of {S}lovak},
	Year = {1993}}

@book{Lightner1972,
	Author = {Theodore M. Lightner},
	Date-Added = {2018-08-04 21:59:52 +0000},
	Date-Modified = {2019-03-21 21:41:01 +0100},
	Publisher = {Edmonton: Linguistic Research},
	Title = {Problems in the theory of phonology. {V}ol. 1: {R}ussian phonology and {T}urkish phonology},
	Year = {1972}}

@article{Egg2017,
	Author = {Markus Egg},
	Booktitle = {Approaches to coercion and polysemy},
	Date-Added = {2018-08-03 20:34:50 +0000},
	Date-Modified = {2019-02-19 01:52:12 +0100},
	Editor = {Alexandra Anna Spalek and Matthew Gotham},
	Journal = {Oslo Studies in Language},
	Number = {2},
	Pages = {65-81},
	Title = {Semelfactives},
	Url = {https://www.journals.uio.no/index.php/osla},
	Volume = {10},
	Year = {2018},
	Bdsk-Url-1 = {https://www.journals.uio.no/index.php/osla}}

@article{XM2004,
	Author = {Zhonghua Xiao and Anthony McEnery},
	Date-Added = {2018-08-03 20:19:18 +0000},
	Date-Modified = {2019-03-04 00:23:40 +0100},
	Doi = {10.1017/S0022226704002543},
	Journal = {Journal of Linguistics},
	Number = {2},
	Pages = {325--363},
	Title = {A corpus-based two-level model of situation aspect},
	Volume = {40},
	Year = {2004},
	Bdsk-Url-1 = {https://doi.org/10.1017/S0022226704002543}}

@book{Vendler1967,
	Author = {Zeno Vendler},
	Date-Added = {2018-08-03 19:34:55 +0000},
	Date-Modified = {2018-08-03 19:38:55 +0000},
	Publisher = {Ithaca: Cornell University Press},
	Title = {Linguistics in philosophy},
	Year = {1967}}

@incollection{Beavers2008,
	Author = {John Beavers},
	Booktitle = {Event Structures in Linguistic Form and Interpretation},
	Date-Added = {2018-08-03 19:19:46 +0000},
	Date-Modified = {2019-05-05 21:43:12 +0200},
	Editor = {Johannes D\"olling and Tatjana Heyde-Zybatow and Martin Sch\"afer},
	Pages = {245-265},
	Publisher = {Berlin: Mouton de Gruyter},
	Title = {Scalar complexity and the structure of events},
	Year = {2008}}

@book{Olsen1997,
	Author = {{Mari Broman} Olsen},
	Date-Added = {2018-08-03 19:00:05 +0000},
	Date-Modified = {2019-05-06 00:02:02 +0200},
	Publisher = {New York: Garland Press},
	Series = {Outstanding dissertations in linguistics},
	Title = {A semantic and pragmatic model of lexical and grammatical aspect},
	Year = {1997}}

@article{Olsen1994,
	Author = {{Mari Broman} Olsen},
	Date-Added = {2018-08-03 18:56:51 +0000},
	Date-Modified = {2019-05-06 00:02:22 +0200},
	Journal = {Studies in the Linguistic Sciences},
	Number = {2},
	Pages = {361-375},
	Title = {The semantics and pragmatics of lexical aspect features},
	Volume = {24},
	Year = {1994}}

@book{Smith1997,
	Author = {Carlota Smith},
	Date-Added = {2018-08-03 18:50:09 +0000},
	Date-Modified = {2018-08-03 18:50:09 +0000},
	Edition = {2nd edition},
	Publisher = {Dordrecht: Kluwer},
	Title = {The parameter of aspect},
	Year = {1997}}

@article{Plank1999,
	Author = {Frans Plank},
	Date-Added = {2018-07-29 00:06:17 +0000},
	Date-Modified = {2019-04-10 02:48:14 +0200},
	Doi = {10.1515/lingty-2017-1006},
	Journal = {Linguistic Typology},
	Number = {3},
	Pages = {279-340},
	Title = {Split morphology: {H}ow agglutination and flexion mix},
	Volume = {3},
	Year = {1999},
	Bdsk-Url-1 = {https://doi.org/10.1515/lingty-2017-1006}}

@article{Blevins2008,
	Author = {James Blevins},
	Date-Added = {2018-07-28 23:42:13 +0000},
	Date-Modified = {2019-03-27 00:33:28 +0100},
	Doi = {10.3176/lu.2008.4.01},
	Journal = {Linguistica Uralica},
	Number = {4},
	Pages = {241-267},
	Title = {Declension Classes in {E}stonian},
	Volume = {44},
	Year = {2008},
	Bdsk-Url-1 = {https://doi.org/10.3176/lu.2008.4.01}}

@incollection{Nichols1994,
	Author = {Johanna Nichols},
	Booktitle = {The Indigenous Languages of the {C}aucasus: {N}ortheast {C}aucasian {L}anguages},
	Date-Added = {2018-07-28 23:42:13 +0000},
	Date-Modified = {2019-05-05 23:59:59 +0200},
	Editor = {Rieks Smeets},
	Pages = {79-145},
	Publisher = {Delmar, NY: Caravan Books},
	Title = {Ingush},
	Year = {1994}}

@phdthesis{Plakendorf2007,
	Author = {Brigitte Plakendorf},
	Date-Added = {2018-07-28 23:42:13 +0000},
	Date-Modified = {2018-07-28 23:48:17 +0000},
	School = {Universiteit Leiden},
	Title = {Contact in the prehistory of the {Sakha (Yakuts)}. {L}inguistic and genetic perspectives},
	Year = {2007}}

@book{Schmitt1981,
	Author = {R\"udiger Schmitt},
	Date-Added = {2018-07-28 23:42:13 +0000},
	Date-Modified = {2018-07-28 23:47:33 +0000},
	Publisher = {Innsbruck: Institut f\"ur Sprachwissenschaft der Universit\"at Innsbruck},
	Title = {Grammatik des {Klassisch-Armenischen}},
	Year = {1981}}

@book{Klein1994,
	Author = {Wolfgang Klein},
	Date-Added = {2018-07-23 17:11:24 +0000},
	Date-Modified = {2018-07-23 17:11:58 +0000},
	Publisher = {London: Routledge},
	Title = {Time in language},
	Year = {1994}}

@incollection{Grzegorczykowa1997,
	Author = {Renata Grzegorczykowa},
	Booktitle = {Semantyczna struktura s\l ownictwa i wypowiedzi},
	Date-Added = {2018-07-23 17:04:33 +0000},
	Date-Modified = {2018-07-23 17:11:02 +0000},
	Editor = {Renata Grzegorczykowa and Zofia Zaron},
	Pages = {25-38},
	Publisher = {Warsaw: Warsaw University Press},
	Title = {Nowe spojrzenie na kategori\k{e} aspektu w perspektywie semantyki kognitywnej},
	Year = {1997}}

@book{Willim2006,
	Author = {Ewa Willim},
	Date-Added = {2018-07-23 17:03:05 +0000},
	Date-Modified = {2019-05-06 00:21:40 +0200},
	Publisher = {Krak{\'o}w: Jagiellonian University Press},
	Title = {Event, individuation and countability: {A} study with special reference to {E}nglish and {P}olish},
	Year = {2006}}

@article{Jakobson1948,
	Author = {Roman Jakobson},
	Date-Added = {2018-07-15 11:20:48 +0000},
	Date-Modified = {2019-03-28 00:15:32 +0100},
	Doi = {10.1080/00437956.1948.11659338},
	Journal = {Word},
	Number = {3},
	Pages = {155-167},
	Title = {Russian conjugation},
	Volume = {4},
	Year = {1948},
	Bdsk-Url-1 = {https://doi.org/10.1080/00437956.1948.11659338}}

@incollection{Carlson2012,
	Author = {Greg Carlson},
	Booktitle = {The {O}xford Handbook of Tense and Aspect},
	Date-Added = {2018-07-15 02:02:09 +0000},
	Date-Modified = {2018-07-15 02:05:02 +0000},
	Editor = {Robert Binnick},
	Pages = {828-851},
	Publisher = {Oxford: Oxford University Press},
	Title = {Generic and habitual aspect},
	Year = {2012}}

@book{Bybee-etal-1996,
	Author = {Joan Bybee and Revere Perkins and William Pagliuca},
	Date-Added = {2018-07-15 01:47:45 +0000},
	Date-Modified = {2018-07-15 01:52:26 +0000},
	Publisher = {Chicago: University of Chicago Press},
	Title = {The evolution of grammar. {T}ense, aspect, and modality in the languages of the world},
	Year = {1994}}

@article{Fabregas2007,
	Author = {Antonio F\'abregas},
	Date-Added = {2018-07-14 20:07:26 +0000},
	Date-Modified = {2018-12-17 02:12:42 +0100},
	Doi = {10.7557/12.110},
	Journal = {Nordlyd},
	Number = {2},
	Pages = {165--199},
	Title = {An exhaustive lexicalisation account of directional complements},
	Volume = {34},
	Year = {2007},
	Bdsk-Url-1 = {https://doi.org/10.7557/12.110}}

@incollection{Burzio2007,
	Author = {Luigi Burzio},
	Booktitle = {Selected papers of the 5th d\'ecembrettes: morphology in {T}oulouse},
	Date-Added = {2018-07-12 00:04:49 +0000},
	Date-Modified = {2018-07-12 00:07:38 +0000},
	Editor = {Fabio Montermini and Gilles Boy\'e and Nabil Hathout},
	Pages = {1-19},
	Publisher = {Sommerville, MA: Cascadilla},
	Title = {Phonologically conditioned syncretism},
	Year = {2007}}

@book{Stump2001,
	Author = {Gregory Stump},
	Date-Added = {2018-07-11 22:28:31 +0000},
	Date-Modified = {2019-03-28 01:28:01 +0100},
	Publisher = {Cambridge, UK: Cambridge University Press},
	Title = {Inflectional morphology. {A} theory of paradigm structure},
	Year = {2001}}

@incollection{Muller2008,
	Author = {Gereon M\"{u}ller},
	Booktitle = {Varieties of competition},
	Date-Added = {2018-07-11 22:25:19 +0000},
	Date-Modified = {2019-05-05 23:56:01 +0200},
	Editor = {Fabian Heck and Gereon M\"{u}ller and Jochen Trommer},
	Number = {87},
	Publisher = {Leipzig University},
	Series = {{L}inguistische {A}rbeitsberichte },
	Title = {Syncretism without {U}nderspecification in {O}ptimality {T}heory: {T}he role of leading forms},
	Year = {2008}}

@mastersthesis{Zompi2017,
	Author = {Stanislao Zomp\'i},
	Date-Added = {2018-07-11 21:37:08 +0000},
	Date-Modified = {2018-07-12 01:30:58 +0000},
	School = {University of Pisa},
	Title = {Case decomposition meets dependent-case theories},
	Url = {http://ling.auf.net/lingbuzz/003421},
	Year = {2017},
	Bdsk-Url-1 = {http://ling.auf.net/lingbuzz/003421}}

@phdthesis{DeC2013,
	Author = {Karen {De Clercq}},
	Date-Added = {2018-07-11 21:09:48 +0000},
	Date-Modified = {2018-07-12 23:27:06 +0000},
	School = {University of Ghent},
	Title = {A unified syntax of negation},
	Year = {2013}}

@incollection{Halle1997,
	Author = {Morris Halle},
	Booktitle = {Papers at the interface},
	Date-Added = {2018-07-09 23:31:57 +0000},
	Date-Modified = {2019-05-05 23:41:15 +0200},
	Editor = {Benjamin Bruening and Yoonjung Kang and Martha McGinnis},
	Number = {30},
	Pages = {425-449},
	Publisher = {Cambridge, MA: MITWPL},
	Series = {MIT {Working Papers in Linguistics} },
	Title = {Distributed morphology: {I}mpoverishment and fission},
	Year = {1997}}

@incollection{Caha2018,
	Author = {Pavel Caha},
	Booktitle = {Exploring {N}anosyntax},
	Date-Added = {2018-07-09 22:57:48 +0000},
	Date-Modified = {2018-07-09 22:59:09 +0000},
	Editor = {Lena Baunaz and Karen {D}e Clercq and Liliane Haegeman and Eric Lander},
	Pages = {57-87},
	Publisher = {New York: Oxford University Press},
	Title = {Notes on insertion in {Distributed Morphology and Nanosyntax}},
	Year = {2018}}

@incollection{HalleMarantz1994,
	Author = {Morris Halle and Alec Marantz},
	Booktitle = {Papers on phonology and morphology},
	Date-Added = {2018-07-08 23:03:53 +0000},
	Date-Modified = {2019-05-05 23:42:08 +0200},
	Editor = {Andrew Carnie and Heidi Harley},
	Number = {21},
	Pages = {275-288},
	Publisher = {Cambridge, MA: MITWPL},
	Series = {MIT {Working Papers in Linguistics} },
	Title = {Some key features of {Distributed Morphology}},
	Year = {1994}}

@incollection{HalleMarantz1993,
	Author = {Morris Halle and Alec Marantz},
	Booktitle = {The view from {B}uilding 20. {E}ssays in linguistics in honor of {S}ylvain {B}romberger},
	Date-Added = {2018-07-08 23:02:22 +0000},
	Date-Modified = {2018-07-09 23:03:04 +0000},
	Pages = {111-176},
	Publisher = {Cambridge, MA: MIT Press},
	Title = {Distributed {M}orphology and the pieces of inflection},
	Year = {1993}}

@incollection{Ramchand2013,
	Author = {Gillian Ramchand},
	Booktitle = {The {C}ambridge Handbook of generative syntax},
	Date-Added = {2018-07-08 17:22:37 +0000},
	Date-Modified = {2018-07-08 17:24:16 +0000},
	Editor = {Marcel {den Dikken}},
	Pages = {265-321},
	Publisher = {Cambridge, UK: Cambridge University Press},
	Title = {Argument Structure and Argument Structure Alternations},
	Year = {2013}}

@incollection{Acquaviva-etal-2018,
	Author = {Paolo Acquaviva and Alessandro Lenci and Carita Paradis and Ida Raffaelli},
	Booktitle = {Word knowledge and word usage: {A} cross-disciplinary guide to the mental lexicon},
	Date-Added = {2018-07-08 17:04:36 +0000},
	Date-Modified = {2018-12-17 03:14:49 +0100},
	Editor = {Vito Pirrelli and Ingo Plag and Wolfgang U. Dressler},
	Publisher = {Berlin/New York: Mouton de Gruyter},
	Title = {Models of lexical meaning},
	Year = {to appear}}

@phdthesis{Acedo2010,
	Author = {V\'ictor {Acedo Matell\'an}},
	Date-Added = {2018-07-08 16:57:19 +0000},
	Date-Modified = {2018-07-08 17:00:22 +0000},
	School = {University of Barcelona},
	Title = {Argument structure and the syntax-morphology interface. {A} case study in {L}atin and other languages},
	Url = {http://ling.auf.net/lingbuzz/001242},
	Year = {2010},
	Bdsk-Url-1 = {http://ling.auf.net/lingbuzz/001242}}

@incollection{Mateu2014,
	Author = {Jaume Mateu},
	Booktitle = {The {R}outledge handbook of syntax},
	Date-Added = {2018-07-08 16:40:54 +0000},
	Date-Modified = {2018-07-08 17:34:27 +0000},
	Editor = {Andrew Carnie and Yosuke Sato and Daniel Siddiqi},
	Pages = {24-41},
	Publisher = {Oxford/New York: Routledge},
	Title = {Argument structure},
	Year = {2014}}

@incollection{Kayne2005,
	Author = {Richard Kayne},
	Booktitle = {The {O}xford Handbook of Comparative Syntax},
	Date-Added = {2018-07-08 15:52:27 +0000},
	Date-Modified = {2018-07-08 15:53:46 +0000},
	Editor = {Guglielmo Cinque and Richard Kayne},
	Pages = {3-69},
	Publisher = {New York: Oxford University Press},
	Title = {Some notes on comparative syntax, with special reference to {E}nglish and {F}rench},
	Year = {2005}}

@book{Borer2005,
	Author = {Hagit Borer},
	Date-Added = {2018-07-08 15:37:33 +0000},
	Date-Modified = {2018-07-08 17:57:27 +0000},
	Publisher = {Oxford: Oxford University Press},
	Title = {The normal course of events. {S}tructuring sense vol. {II}},
	Year = {2005}}

@phdthesis{Dol1999,
	Author = {Philomena Dol},
	Date-Added = {2018-07-06 22:47:57 +0000},
	Date-Modified = {2019-03-27 21:38:28 +0100},
	School = {Leiden University},
	Title = {A grammar of {M}aybrat: {A} language of the {B}ird's {H}ead, {I}rian {J}aya, {I}ndonesia},
	Year = {1999}}

@incollection{Kayne2017,
	Author = {Richard Kayne},
	Booktitle = {11-11-17. {F}estschrift f\"ur {M}artin {P}rinzhorn},
	Date-Added = {2018-07-05 23:15:57 +0000},
	Date-Modified = {2019-05-05 23:52:09 +0200},
	Editor = {Clemens Mayr and Edwin Williams},
	Number = {82},
	Pages = {145-162},
	Publisher = {Institut f\"ur Sprachwissenschaft, Universit\"at Wien},
	Series = {{W}iener {L}inguistische {G}azette},
	Title = {Antisymmetry and morphology: {P}refixes vs.\ suffixes},
	Year = {2017},
	Bdsk-Url-1 = {http://ling.auf.net/lingbuzz/003445}}

@book{DiSciullo2005,
	Author = {Anna Maria DiSciullo},
	Date-Added = {2018-07-05 23:15:00 +0000},
	Date-Modified = {2018-07-05 23:15:54 +0000},
	Publisher = {Cambridge, MA: MIT Press},
	Title = {Asymmetry in morphology},
	Year = {2005}}

@unpublished{Nevins2016,
	Author = {Andrew Nevins},
	Date-Added = {2018-07-05 20:59:11 +0000},
	Date-Modified = {2018-07-05 23:19:36 +0000},
	Month = {February},
	Title = {Lectures on postsyntactic morphology},
	Url = {http://ling.auf.net/lingbuzz/002587},
	Year = {2016},
	Bdsk-Url-1 = {http://ling.auf.net/lingbuzz/002587}}

@incollection{Bobaljik2017,
	Author = {Jonathan Bobaljik},
	Booktitle = {Oxford Research Encyclopedia of Linguistics},
	Date-Added = {2018-07-05 20:53:13 +0000},
	Date-Modified = {2018-07-09 00:46:45 +0000},
	Editor = {Mark Aronoff},
	Publisher = {Oxford University Press},
	Title = {Distributed {M}orphology},
	Year = {2017},
	Bdsk-Url-1 = {https://doi.org/10.1093/acrefore/9780199384655.013.131}}

@book{Aronoff1994,
	Author = {Mark Aronoff},
	Date-Added = {2018-07-05 12:27:27 +0000},
	Date-Modified = {2019-03-27 21:16:18 +0100},
	Publisher = {Cambridge, MA: MIT Press},
	Title = {Morphology by itself: {S}tem and inflection classes},
	Year = {1994}}

@book{Anderson1992,
	Author = {Stephen R. Anderson},
	Date-Added = {2018-07-05 12:26:33 +0000},
	Date-Modified = {2018-07-05 12:27:23 +0000},
	Publisher = {Cambridge, UK: Cambridge University Press},
	Title = {A-morphous morphology},
	Year = {1992}}

@article{Beard1987,
	Author = {Robert Beard},
	Date-Added = {2018-07-05 12:24:38 +0000},
	Date-Modified = {2018-12-17 02:01:42 +0100},
	Doi = {10.1016/0024-3841(87)90088-X},
	Journal = {Lingua},
	Number = {1},
	Pages = {73-116},
	Title = {Morpheme order in a lexeme/morpheme based morphology},
	Volume = {72},
	Year = {1987},
	Bdsk-Url-1 = {https://doi.org/10.1016/0024-3841(87)90088-X}}

@book{Embick2015,
	Author = {David Embick},
	Date-Added = {2018-07-05 02:19:29 +0000},
	Date-Modified = {2019-03-27 21:40:32 +0100},
	Publisher = {Boston/Berlin: Mouton de Gruyter},
	Title = {The morpheme: {A} theoretical introduction},
	Year = {2015}}

@article{EmbickNoyer2001,
	Author = {David Embick and Rolf Noyer},
	Date-Added = {2018-07-05 02:16:19 +0000},
	Date-Modified = {2018-12-17 02:11:44 +0100},
	Doi = {10.1162/002438901753373005},
	Journal = {Linguistic Inquiry},
	Number = {4},
	Pages = {555--595},
	Title = {Movement operations after syntax},
	Volume = {32},
	Year = {2001},
	Bdsk-Url-1 = {https://doi.org/10.1162/002438901753373005}}

@article{HarleyNoyer1999,
	Author = {Heidi Harley and Rolf Noyer},
	Date-Added = {2018-07-05 02:14:37 +0000},
	Date-Modified = {2018-07-05 02:16:00 +0000},
	Journal = {GLOT International},
	Number = {4},
	Pages = {3-9},
	Title = {Distributed Morphology},
	Volume = {4},
	Year = {1999}}

@book{Nau1998,
	Author = {Nicole Nau},
	Date-Added = {2018-07-03 17:09:04 +0000},
	Date-Modified = {2019-05-05 23:56:31 +0200},
	Publisher = {Munich \& Newcastle: Lincom Europa},
	Title = {Latvian},
	Year = {1998}}

@article{BR-T2008,
	Author = {Irena Botwinik-Rotem and Arhonto Terzi},
	Date-Added = {2018-06-27 22:14:34 +0000},
	Date-Modified = {2019-05-05 21:44:15 +0200},
	Doi = {10.1016/j.lingua.2007.08.001},
	Journal = {Lingua},
	Number = {3},
	Pages = {399-424},
	Title = {Greek and {H}ebrew locative prepositional phrases: {A} unified Case-driven account},
	Volume = {118},
	Year = {2008},
	Bdsk-Url-1 = {https://doi.org/10.1016/j.lingua.2007.08.001}}

@incollection{Pantcheva2008,
	Author = {Marina Pantcheva},
	Booktitle = {Syntax and semantics of spatial {P}},
	Date-Added = {2018-06-27 22:12:23 +0000},
	Date-Modified = {2018-06-27 22:14:02 +0000},
	Editor = {Anna Asbury and Jakub Dotla\v{c}il and Berit Gehrke and Rick Nouwen},
	Pages = {305-330},
	Publisher = {Amsterdam: John Benjamins},
	Title = {The place of {PLACE} in {P}ersian},
	Year = {2008}}

@incollection{DenDikken2010,
	Author = {Marcel {den Dikken}},
	Booktitle = {Mapping spatial {PPs}},
	Date-Added = {2018-06-27 20:59:57 +0000},
	Date-Modified = {2019-05-05 23:28:10 +0200},
	Editor = {Guglielmo Cinque and Luigi Rizzi},
	Number = {6},
	Pages = {74-126},
	Publisher = {Oxford: Oxford University Press},
	Series = {The cartography of syntactic structures},
	Title = {On the functional structure of directional and locative {PPs}},
	Year = {2010}}

@incollection{Svenonius2010,
	Author = {Peter Svenonius},
	Booktitle = {Mapping spatial {PPs}},
	Date-Added = {2018-06-27 20:55:14 +0000},
	Date-Modified = {2019-05-06 00:17:53 +0200},
	Editor = {Guglielmo Cinque and Luigi Rizzi},
	Number = {6},
	Pages = {127-160},
	Publisher = {Oxford: Oxford University Press},
	Series = {The cartography of syntactic structures},
	Title = {Spatial {P} in {E}nglish},
	Year = {2010}}

@incollection{Cinque2010,
	Author = {Guglielmo Cinque},
	Booktitle = {Mapping spatial {PPs}},
	Date-Added = {2018-06-27 20:52:26 +0000},
	Date-Modified = {2019-05-05 22:01:13 +0200},
	Editor = {Guglielmo Cinque and Luigi Rizzi},
	Number = {6},
	Pages = {3-25},
	Publisher = {Oxford: Oxford University Press},
	Series = {The cartography of syntactic structures},
	Title = {Mapping spatial {PPs}: an introduction},
	Year = {2010}}

@article{Zwarts2005,
	Author = {Joost Zwarts},
	Date-Added = {2018-06-27 20:50:30 +0000},
	Date-Modified = {2018-12-17 03:00:39 +0100},
	Doi = {10.1007/s10988-005-2466-y},
	Journal = {Linguistics and Philosophy},
	Number = {6},
	Pages = {739--779},
	Title = {Prepositional aspect and the algebra of paths},
	Volume = {28},
	Year = {2005},
	Bdsk-Url-1 = {https://doi.org/10.1007/s10988-005-2466-y}}

@article{Kracht2002,
	Author = {Markus Kracht},
	Date-Added = {2018-06-27 20:49:05 +0000},
	Date-Modified = {2018-12-17 02:16:35 +0100},
	Doi = {10.1023/A:1014646826099},
	Journal = {Linguistics and Philosophy},
	Number = {2},
	Pages = {157--232},
	Title = {On the semantics of locatives},
	Volume = {25},
	Year = {2002},
	Bdsk-Url-1 = {https://doi.org/10.1023/A:1014646826099}}

@book{Katz-Postal1964,
	Author = {Jerrold Katz and Paul Postal},
	Date-Added = {2018-06-27 20:47:23 +0000},
	Date-Modified = {2019-04-10 01:56:44 +0200},
	Publisher = {Cambridge, MA: MIT Press},
	Title = {An integrated theory of linguistic descriptions},
	Year = {1964}}

@unpublished{GVW-Olinco,
	Author = {Guido {Vanden Wyngaerd}},
	Date-Added = {2018-06-27 01:54:03 +0000},
	Date-Modified = {2019-04-10 02:53:56 +0200},
	Note = {Paper presented at the Olomouc Linguistics Colloquium (Olinco), Palack\'y University in {O}lomouc, June 7--9},
	Title = {\emph{Here, there, where}},
	Year = {2018}}

@incollection{Nau2009,
	Author = {Nicole Nau},
	Booktitle = {The {Baltic languages and the N}ordic countries},
	Date-Added = {2018-06-24 01:00:12 +0000},
	Date-Modified = {2018-06-24 01:02:39 +0000},
	Editor = {Sturla Berg-Olsen},
	Pages = {93-116},
	Publisher = {Vilnius: Lietuviu kalbos institutas},
	Title = {Towards a comprehensive description of {L}atvian relative clauses},
	Year = {2009}}

@article{CCW2017,
	Author = {Pavel Caha and Karen {De Clercq} and Guido {Vanden Wyngaerd}},
	Date-Added = {2018-06-21 23:34:56 +0000},
	Date-Modified = {2019-05-06 00:33:55 +0200},
	Doi = {10.1111/stul.12107},
	Journal = {Studia Linguistica},
	Title = {The fine structure of the comparative},
	Year = {2019},
	Bdsk-Url-1 = {http://ling.auf.net/lingbuzz/003790}}

@article{Nau2011,
	Author = {Nicole Nau},
	Date-Added = {2018-06-21 22:19:24 +0000},
	Date-Modified = {2019-04-10 02:46:33 +0200},
	Journal = {Baltic Linguistics},
	Pages = {141-177},
	Title = {Declension classes in {Latvian and Latgalian}: {M}orphomics vs. morphophonology},
	Volume = {2},
	Year = {2011}}

@incollection{GVW2018,
	Author = {Guido {Vanden Wyngaerd}},
	Booktitle = {Exploring {N}anosyntax},
	Date-Added = {2018-06-03 22:51:25 +0000},
	Date-Modified = {2019-04-10 02:55:02 +0200},
	Editor = {Lena Baunaz and Karen {D}e Clercq and Liliane Haegeman and Eric Lander},
	Pages = {277-304},
	Publisher = {New York: Oxford University Press},
	Title = {The Feature Structure of Pronouns: {A} Probe into Multidimensional Paradigms},
	Year = {2018}}

@incollection{WilandTUM,
	Author = {Bartosz Wiland},
	Booktitle = {The unpublished manuscript. {A} collection of {LingBuzz} papers to celebrate {Michal Starke's} 50th birthday},
	Date-Added = {2018-05-01 12:18:42 +0000},
	Date-Modified = {2019-04-10 02:56:03 +0200},
	Editor = {Pavel Caha and Karen {D}e Clercq and Guido Vanden Wyngaerd},
	Pages = {127-147},
	Title = {Ordering paradoxes in a cross-categorial paradigm: {O}n syncretisms with the declarative complementizer},
	Url = {http://ling.auf.net/lingbuzz/003993},
	Year = {2018},
	Bdsk-Url-1 = {http://ling.auf.net/lingbuzz/003993}}

@book{Salzmann2017,
	Author = {Martin Salzmann},
	Date-Added = {2018-04-30 12:13:14 +0000},
	Date-Modified = {2019-05-06 00:09:49 +0200},
	Publisher = {Berlin: Mouton de Gruyter},
	Title = {Reconstruction and resumption in indirect {A}{$'$}-dependencies. {O}n the syntax of prolepsis and relativization in ({S}wiss) {G}erman and beyond},
	Year = {2017}}

@incollection{Bianchi2004,
	Author = {Valentina Bianchi},
	Booktitle = {The structure of {CP and IP}},
	Date-Added = {2018-04-30 12:10:39 +0000},
	Date-Modified = {2018-04-30 12:13:01 +0000},
	Editor = {Luigi Rizzi},
	Pages = {76-114},
	Publisher = {New York: Oxford University Press},
	Title = {Resumptive relatives and {LF} chains},
	Year = {2004}}

@incollection{Bianchi2011,
	Author = {Valentina Bianchi},
	Booktitle = {Resumptive pronouns at the interfaces},
	Date-Added = {2018-04-30 12:05:41 +0000},
	Date-Modified = {2018-04-30 12:17:55 +0000},
	Editor = {Alain Rouveret},
	Pages = {319-342},
	Publisher = {Amsterdam: John Benjamins},
	Title = {Some notes on the `specificity effects' of optional resumptive pronouns},
	Year = {2011}}

@incollection{Blansitt1988,
	Author = {Edward L. Blansitt},
	Booktitle = {Studies in syntactic typology},
	Date-Added = {2018-04-26 22:03:18 +0000},
	Date-Modified = {2018-04-26 22:05:57 +0000},
	Editor = {Michael Hammond and Edith Moravcsik and Jessica R. Wirth},
	Pages = {173-191},
	Publisher = {Amsterdam/Philadelphia: John Benjamins},
	Title = {Datives and allatives},
	Year = {1988}}

@incollection{Borgman1990,
	Author = {Donald Borgman},
	Booktitle = {Handbook of {A}mazonian languages},
	Date-Added = {2018-04-24 20:26:29 +0000},
	Date-Modified = {2018-04-24 20:28:59 +0000},
	Editor = {Desmond C. Derbyshire and Geoffrey K. Pullum},
	Pages = {15-248},
	Publisher = {Berlin: Mouton de Gruyter},
	Title = {Sanuma},
	Volume = {2},
	Year = {1990}}

@unpublished{Roussou2016,
	Author = {Anna Roussou},
	Date-Added = {2018-04-24 20:25:02 +0000},
	Date-Modified = {2019-05-06 00:07:32 +0200},
	Note = {Manuscript, Univeristy of Patras},
	Title = {Complement clauses: {C}ase and argumenthood},
	Year = {2016}}

@article{Curnow2006,
	Author = {Timothy Curnow},
	Date-Added = {2018-04-24 20:20:14 +0000},
	Date-Modified = {2018-04-24 20:21:44 +0000},
	Journal = {Amerindia},
	Pages = {219-234},
	Title = {La interrogaci\'on y la negaci\'on en {Awa Pit}},
	Volume = {29/30},
	Year = {2006}}

@book{Campbell1985,
	Author = {Lyle Campbell},
	Date-Added = {2018-04-24 20:16:14 +0000},
	Date-Modified = {2018-04-29 01:31:19 +0000},
	Publisher = {Berlin/New York: Mouton de Gruyter},
	Title = {The {P}ipil language of {E}l {S}alvador},
	Year = {1985}}

@article{Caha-Glossa,
	Author = {Pavel Caha},
	Date-Added = {2018-04-17 23:27:11 +0000},
	Date-Modified = {2018-04-17 23:30:12 +0000},
	Doi = {http://doi.org/10.5334/gjgl.348},
	Journal = {Glossa: a journal of general linguistics},
	Number = {1},
	Pages = {104, 1-32},
	Title = {How (not) to derive a *{ABA}: the case of {B}lansitt's generalisation},
	Volume = {2},
	Year = {2017},
	Bdsk-Url-1 = {http://doi.org/10.5334/gjgl.348}}

@book{VanDenBerg1989,
	Author = {Ren\'e {Van den Berg}},
	Date-Added = {2018-04-17 14:14:08 +0000},
	Date-Modified = {2019-05-06 00:19:18 +0200},
	Publisher = {Dordrecht: Foris Publication},
	Title = {A grammar of the {M}una language},
	Year = {1989}}

@incollection{Wise1986,
	Author = {Mary Ruth Wise},
	Booktitle = {Handbook of {A}mazonian languages},
	Date-Added = {2018-04-17 12:06:20 +0000},
	Date-Modified = {2018-04-26 17:22:36 +0000},
	Editor = {Desmond C. Derbyshire and Geoffrey K. Pullum},
	Pages = {567-642},
	Publisher = {Berlin: Mouton de Gruyter},
	Title = {Grammatical characteristics of {PreAndine Arawakan} languages of {P}eru},
	Volume = {1},
	Year = {1986}}

@incollection{BaunazLanderTUM,
	Author = {Lena Baunaz and Eric Lander},
	Booktitle = {The unpublished manuscript. {A} collection of {LingBuzz} papers to celebrate {Michal Starke's} 50th birthday},
	Date-Added = {2018-04-17 10:48:49 +0000},
	Date-Modified = {2019-04-10 02:33:27 +0200},
	Editor = {Pavel Caha and Karen {D}e Clercq and Guido Vanden Wyngaerd},
	Pages = {1-18},
	Title = {The internal structure of ontological categories},
	Url = {http://ling.auf.net/lingbuzz/003993},
	Year = {2018},
	Bdsk-Url-1 = {http://ling.auf.net/lingbuzz/003993}}

@book{Greenberg2000,
	Author = {{Joseph H.} Greenberg},
	Date-Added = {2018-04-17 03:17:19 +0000},
	Date-Modified = {2019-03-27 21:45:02 +0100},
	Publisher = {Stanford: Stanford University Press},
	Title = {Indo-{E}uropean and its closest relatives. {T}he {E}uroasiatic language family},
	Volume = {1: Grammar},
	Year = {2000}}

@book{Pokorny1959,
	Author = {Julius Pokorny},
	Date-Added = {2018-04-17 03:17:19 +0000},
	Date-Modified = {2018-04-17 03:17:19 +0000},
	Publisher = {Bern/Munich: A. Francke},
	Title = {Indogermanisches etymologisches {W}\"orterbuch},
	Year = {1959}}

@incollection{Holvoet2016,
	Author = {Axel Holvoet},
	Booktitle = {Complementizer semantics in {European Languages}},
	Date-Added = {2018-04-13 00:43:31 +0000},
	Date-Modified = {2018-06-27 21:07:04 +0000},
	Editor = {Kasper Boye and Petar Kehayov},
	Pages = {225-264},
	Publisher = {Berlin: Mouton de Gruyter},
	Title = {Semantic functions of complementizers in {B}altic},
	Year = {2016}}

@book{Fennell-Gelsen-1980,
	Author = {{Trevor G.} Fennell and Henry Gelsen},
	Date-Added = {2018-04-12 22:02:25 +0000},
	Date-Modified = {2018-04-12 22:04:13 +0000},
	Publisher = {The Hague: Mouton},
	Title = {A grammar of modern {Latvian}},
	Year = {1980}}

@book{Mathiassen1997,
	Author = {Terje Mathiassen},
	Date-Added = {2018-04-11 23:55:07 +0000},
	Date-Modified = {2018-04-11 23:57:06 +0000},
	Publisher = {Columbus, OH: Slavica Publishers, Inc.},
	Title = {A short grammar of {L}atvian},
	Year = {1997}}

@book{Lyons1999,
	Author = {Christopher Lyons},
	Date-Added = {2018-04-11 23:43:59 +0000},
	Date-Modified = {2018-04-11 23:44:30 +0000},
	Publisher = {Cambridge, UK: Cambridge University Press},
	Title = {Definiteness},
	Year = {1999}}

@book{Eckert-etal-1994,
	Author = {Rainer Eckert and Elvira-Julia Bukevi\v{c}iute and Friedhelm Hinze},
	Date-Added = {2018-04-11 23:39:46 +0000},
	Date-Modified = {2019-03-27 21:40:02 +0100},
	Publisher = {Lepzig/Berlin/M\"unchen: Langenscheidt},
	Title = {Die baltischen {S}prachen. {E}ine {E}inf\"uhrung},
	Year = {1994}}

@book{Praulins2012,
	Author = {Dece Praulin\v{s}},
	Date-Added = {2018-04-11 23:32:19 +0000},
	Date-Modified = {2019-03-28 01:09:47 +0100},
	Publisher = {Oxford/New York: Routledge},
	Title = {Latvian: {A}n essential grammar},
	Year = {2012}}

@book{Budina1966,
	Author = {Tereza {Budina Lazdina}},
	Date-Added = {2018-04-11 23:26:52 +0000},
	Date-Modified = {2018-04-11 23:29:30 +0000},
	Publisher = {London: The English Universities Press},
	Title = {Teach yourself {L}atvian},
	Year = {1966}}

@unpublished{Caha-DeClercq-GVW,
	Author = {Pavel Caha and Karen {D}e Clercq and Guido Vanden Wyngaerd},
	Date-Added = {2018-04-05 23:30:51 +0000},
	Date-Modified = {2018-04-05 23:33:16 +0000},
	Title = {The fine structure of the comparative},
	Url = {http://ling.auf.net/lingbuzz/003790},
	Year = {2017},
	Bdsk-Url-1 = {http://ling.auf.net/lingbuzz/003790}}

@article{Tajsner2015,
	Author = {Przemys{\l}aw Tajsner},
	Date-Added = {2018-04-05 00:04:20 +0000},
	Date-Modified = {2019-03-28 01:31:03 +0100},
	Doi = {10.1515/stap-2015-0032},
	Journal = {Studia Anglica Posnaniensia},
	Number = {4},
	Pages = {25-66},
	Title = {On specification predication and the derivation of copular \textit{to}-clauses in {P}olish},
	Volume = {50},
	Year = {2015},
	Bdsk-Url-1 = {https://doi.org/10.1515/stap-2015-0032}}

@incollection{Simik2009,
	Author = {Radek {\v{S}im\'{i}k}},
	Booktitle = {Studies in Formal {S}lavic Phonology, Morphology, Syntax, Semantics and Information Structure: {P}roceedings of {FDSL} 7, {L}eipzig 2007},
	Date-Added = {2018-04-05 00:01:22 +0000},
	Date-Modified = {2019-04-10 02:17:48 +0200},
	Editor = {Gerhild Zybatow and Denisa Lenertov\'a and Uwe Junghanns and Petr Biskup},
	Pages = {327-340},
	Publisher = {Frankfurt am Main: Peter Lang},
	Title = {The syntax, semantics, and pragmatics of the focus particle \textit{to} in {C}zech},
	Year = {2009}}

@incollection{Mokrosz2014,
	Author = {Ewelina Mokrosz},
	Booktitle = {New insights into {S}lavic linguistics},
	Date-Added = {2018-04-04 23:57:25 +0000},
	Date-Modified = {2018-04-06 00:17:05 +0000},
	Editor = {Jacek Witko{\'s} and Sylwester Jaworski},
	Pages = {269-282},
	Publisher = {Frankfurt am Main: Peter Lang},
	Title = {Exhaustive \textit{to} in {P}olish: a {M}inimalist account},
	Year = {2014}}

@book{Tajsner2008,
	Author = {Przemys{\l}aw Tajsner},
	Date-Added = {2018-04-04 23:57:13 +0000},
	Date-Modified = {2019-03-28 01:29:55 +0100},
	Publisher = {Frankfurt am Main: Peter Lang},
	Rating = {5},
	Read = {Yes},
	Title = {Aspects of the grammar of Focus. {A} minimalist perspective},
	Year = {2008}}

@unpublished{Cysouw2005,
	Author = {Michael Cysouw},
	Date-Added = {2018-04-01 21:55:05 +0000},
	Date-Modified = {2018-04-24 20:42:04 +0000},
	Note = {Handout for a talk at the 6th meeting of the {Assiociation for Linguistic Typology, Padang, Indonesia}},
	Title = {The typology of content interrogatives},
	Year = {2005},
	Bdsk-Url-1 = {http://cysouw.de/home/presentations_files/cysouwALTINTER_handout.pdf}}

@unpublished{Cysouw2004,
	Author = {Michael Cysouw},
	Date-Added = {2018-04-01 21:53:07 +0000},
	Date-Modified = {2019-04-10 02:39:50 +0200},
	Note = {Handout for a talk at Bantu grammar: {D}escription and theory workshop, {ZAS Berlin}, February 13},
	Title = {Interrogative words: {A}n exercise in lexical typology},
	Year = {2004},
	Bdsk-Url-1 = {http://cysouw.de/home/manuscripts_files/cysouwQUESTION_handout.pdf}}

@article{Baunaz-Lander-Glossa,
	Author = {Lena Baunaz and Eric Lander},
	Date-Added = {2018-03-30 00:56:54 +0000},
	Date-Modified = {2018-12-17 01:53:32 +0100},
	Doi = {10.5334/gjgl.349},
	Journal = {Glossa: a journal of general linguistics},
	Pages = {31},
	Title = {Deconstructing categories syncretic with the nominal complementizer},
	Volume = {3 (1)},
	Year = {2018},
	Bdsk-Url-1 = {http://doi.org/10.5334/gjgl.349}}

@inproceedings{Leu2007,
	Author = {Thomas Leu},
	Booktitle = {{U. Penn Working Papers in Linguistics. Proceedings of the 30th} annual {P}enn {L}inguistics {C}olloquium},
	Date-Added = {2018-03-16 00:15:55 +0000},
	Date-Modified = {2018-03-16 00:15:55 +0000},
	Pages = {141-154},
	Publisher = {University of Pennsylvania},
	Title = {These {HERE} demonstratives},
	Year = {2007}}

@incollection{Hoji-etal2003,
	Author = {Hajime Hoji and Satoshi Kinsui and Yukinori Takubo and Ayumi Ueyama},
	Booktitle = {Functional structure(s), form and interpretation: {P}erspectives from {E}ast {A}sian languages},
	Date-Added = {2018-03-14 23:05:13 +0000},
	Date-Modified = {2019-03-27 21:49:00 +0100},
	Editor = {Yen-hui Audrey Li and Andrew Simpson},
	Pages = {97-128},
	Publisher = {London: Routledge},
	Title = {The demonstratives in modern {J}apanese},
	Year = {2003}}

@article{Szczegielniak2005,
	Author = {Adam Szczegielniak},
	Date-Added = {2018-03-14 00:28:53 +0000},
	Date-Modified = {2019-05-06 00:18:24 +0200},
	Doi = {10.1075/livy.5.06szc},
	Journal = {Linguistic Variation Yearbook},
	Pages = {165-185},
	Title = {Two types of resumptive pronouns in {P}olish relative clauses},
	Volume = {5},
	Year = {2005},
	Bdsk-Url-1 = {https://doi.org/10.1075/livy.5.06szc}}

@incollection{Mykowiecka2001,
	Author = {Agnieszka Mykowiecka},
	Booktitle = {Generative linguistics in {P}oland: {S}yntax and morphosyntax},
	Date-Added = {2018-03-14 00:25:25 +0000},
	Date-Modified = {2018-03-14 00:34:09 +0000},
	Editor = {Adam Prze-pi\'orkowski and Piotr Ba\'nski},
	Pages = {149-158},
	Publisher = {Warsaw: Institute of Computer Science, Polish Academy of Sciences},
	Title = {Polish relatives with the marker \textit{co}},
	Year = {2001}}

@incollection{Anderson-Keenan1985,
	Author = {Stephen Anderson and Edward Keenan},
	Booktitle = {Language typology and syntactic fieldwork},
	Date-Added = {2018-02-22 22:17:21 +0000},
	Date-Modified = {2018-02-22 22:17:21 +0000},
	Editor = {T. Shopen},
	Pages = {259-308},
	Publisher = {Cambridge, UK: Cambridge University Press},
	Title = {Deixis},
	Volume = {{III}},
	Year = {1985}}

@book{Bamm1983,
	Author = {Alfred Bammesberger},
	Date-Added = {2018-02-22 22:17:21 +0000},
	Date-Modified = {2018-02-22 22:17:21 +0000},
	Publisher = {Heidelberg: Winter},
	Title = {Essentials of {M}odern {I}rish},
	Year = {1983}}

@mastersthesis{Bassong2010,
	Author = {Paul Bassong},
	Date-Added = {2018-02-22 22:17:21 +0000},
	Date-Modified = {2018-02-22 22:17:21 +0000},
	School = {University of Yaounde I},
	Title = {The structure of the left periphery in {B}asa\'a},
	Url = {http://ling.auf.net/lingbuzz/001692},
	Year = {2010},
	Bdsk-Url-1 = {http://ling.auf.net/lingbuzz/001692}}

@incollection{Baunaz2018,
	Author = {Lena Baunaz},
	Booktitle = {Exploring nanosyntax},
	Date-Added = {2018-02-22 22:17:21 +0000},
	Date-Modified = {2018-02-22 22:17:21 +0000},
	Editor = {Lena Baunaz and Karen De Clercq and Liliane Haegeman and Eric Lander},
	Publisher = {New York: Oxford University Press},
	Title = {Decomposing Complementizers: The Fseq of {F}rench, {M}odern {G}reek, {S}erbo-{C}roatian and {B}ulgarian Complementizers},
	Year = {2018}}

@incollection{BaunazLander-intro,
	Author = {Lena Baunaz and Eric Lander},
	Booktitle = {Exploring {N}anosyntax},
	Date-Added = {2018-02-22 22:17:21 +0000},
	Date-Modified = {2018-07-05 14:18:33 +0000},
	Editor = {Lena Baunaz and Karen De Clercq and Liliane Haegeman and Eric Lander},
	Pages = {3-56},
	Publisher = {New York: Oxford University Press},
	Title = {Nanosyntax: the basics},
	Year = {2018}}

@article{BaunazLander2017,
	Author = {Lena Baunaz and Eric Lander},
	Date-Added = {2018-02-22 22:17:21 +0000},
	Date-Modified = {2018-12-17 01:56:16 +0100},
	Doi = {10.1111/stul.12076},
	Journal = {Studia Linguistica},
	Number = {3},
	Pages = {537--570},
	Title = {Syncretisms with the nominal complementizer},
	Volume = {72},
	Year = {2017},
	Bdsk-Url-1 = {https://doi.org/10.1111/stul.12076}}

@phdthesis{Bejar2003,
	Author = {Susana Bejar},
	Date-Added = {2018-02-22 22:17:21 +0000},
	Date-Modified = {2018-02-22 22:17:21 +0000},
	School = {University of Toronto},
	Title = {Phi-syntax: {A} theory of agreement},
	Year = {2003}}

@article{Bernstein1997,
	Author = {Judy Bernstein},
	Date-Added = {2018-02-22 22:17:21 +0000},
	Date-Modified = {2018-12-17 02:02:27 +0100},
	Doi = {10.1016/S0024-3841(96)00046-0},
	Journal = {Lingua},
	Number = {2--3},
	Pages = {87--113},
	Title = {Demonstratives and reinforcers},
	Volume = {102},
	Year = {1997},
	Bdsk-Url-1 = {https://doi.org/10.1016/S0024-3841(96)00046-0}}

@article{Bob2002,
	Author = {Jonathan Bobaljik},
	Date-Added = {2018-02-22 22:17:21 +0000},
	Date-Modified = {2018-02-22 22:17:21 +0000},
	Journal = {Yearbook of Morphology 2001},
	Pages = {53--85},
	Title = {``Syncretism without paradigms: {R}emarks on {W}illiams 1981, 1994},
	Year = {2002}}

@unpublished{Bobaljik2007,
	Author = {Jonathan Bobaljik},
	Date-Added = {2018-02-22 22:17:21 +0000},
	Date-Modified = {2018-02-22 22:17:21 +0000},
	Title = {On comparative suppletion},
	Url = {http://ling.auf.net/lingbuzz/000443},
	Year = {2007},
	Bdsk-Url-1 = {http://ling.auf.net/lingbuzz/000443}}

@book{Bobaljik2012,
	Author = {Jonathan Bobaljik},
	Date-Added = {2018-02-22 22:17:21 +0000},
	Date-Modified = {2018-02-22 22:17:21 +0000},
	Publisher = {Cambridge, MA: MIT Press},
	Title = {Universals in comparative morphology},
	Year = {2012}}

@article{Bosko-enclitic,
	Author = {{\v{Z}eljko} {Bo\v{s}kovi\'c}},
	Date-Added = {2018-02-22 22:17:21 +0000},
	Date-Modified = {2018-02-22 22:17:21 +0000},
	Journal = {Lingvisticki Vidici},
	Pages = {39-57},
	Title = {Null {C} in {E}nglish as an enclitic},
	Volume = {34},
	Year = {2005}}

@periodical{Brody2013,
	Author = {Michael Brody},
	Date-Added = {2018-02-22 22:17:21 +0000},
	Date-Modified = {2018-02-22 22:17:21 +0000},
	Journal = {{STiL} - Studies in Linguistics},
	Pages = {167-177},
	Read = {0},
	Title = {Syntax and symmetry},
	Volume = {6},
	Year = {2013}}

@unpublished{CahaPantcheva2012,
	Author = {Pavel Caha and Marina Pantcheva},
	Date-Added = {2018-02-22 22:17:21 +0000},
	Date-Modified = {2018-04-26 16:58:25 +0000},
	Month = {October},
	Note = {Slides for the presentation at CASTL/University of Troms\o, October 23},
	Title = {Datives cross-linguistically},
	Year = {2012}}

@inproceedings{CahaScheer2008,
	Author = {Pavel Caha and Tobias Scheer},
	Booktitle = {Annual {W}orkshop on {F}ormal {A}pproaches to {S}lavic {L}inguistics. {T}he {S}tony {B}rook {M}eeting 2007},
	Date-Added = {2018-02-22 22:17:21 +0000},
	Date-Modified = {2018-02-22 22:17:21 +0000},
	Editor = {Christina Bethin and Andrei Antoneko and John Bailyn},
	Pages = {68-83},
	Publisher = {Ann Arbor: Michigan Slavic Publications},
	Title = {The syntax and phonology of {C}zech templatic morphology},
	Year = {2008}}

@article{Carstens2005,
	Author = {Vicki Carstens},
	Date-Added = {2018-02-22 22:17:21 +0000},
	Date-Modified = {2019-03-27 21:24:33 +0100},
	Doi = {10.1007/s11049-004-0996-6},
	Journal = {Natural Language \& Linguistic Theory},
	Number = {2},
	Pages = {219--279},
	Title = {Agree and {EPP} in {B}antu},
	Volume = {23},
	Year = {2005},
	Bdsk-Url-1 = {https://doi.org/10.1007/s11049-004-0996-6}}

@book{Cinque1999,
	Author = {Guglielmo Cinque},
	Date-Added = {2018-02-22 22:17:21 +0000},
	Date-Modified = {2018-02-22 22:17:21 +0000},
	Publisher = {New York: Oxford University Press},
	Title = {Adverbs and functional heads; {A} cross-linguistic perspective},
	Year = {1999}}

@article{Cinque2005,
	Author = {Guglielmo Cinque},
	Date-Added = {2018-02-22 22:17:21 +0000},
	Date-Modified = {2018-02-22 22:17:21 +0000},
	Journal = {Linguistic Inquiry},
	Pages = {315--332},
	Rating = {5},
	Read = {Yes},
	Title = {{D}eriving {G}reenberg's {U}niversal 20 and its exceptions},
	Volume = {36},
	Year = {2005}}

@book{Cysouw2003,
	Author = {Michael Cysouw},
	Date-Added = {2018-02-22 22:17:21 +0000},
	Date-Modified = {2018-02-22 22:17:21 +0000},
	Publisher = {Oxford: Oxford University Press},
	Title = {The paradigmatic structure of person marking},
	Year = {2003}}

@phdthesis{czayk1988,
	Author = {Ewa Czaykowska-Higgins},
	Date-Added = {2018-02-22 22:17:21 +0000},
	Date-Modified = {2018-02-22 22:17:21 +0000},
	School = {MIT},
	Title = {Investigations into {P}olish morphology and phonology},
	Year = {1988}}

@incollection{DeC2018,
	Author = {Karen {De Clercq}},
	Booktitle = {Exploring {N}anosyntax},
	Date-Added = {2018-02-22 22:17:21 +0000},
	Date-Modified = {2018-07-12 23:26:50 +0000},
	Editor = {Lena Baunaz and Karen De Clercq and Liliane Haegeman and Eric Lander},
	Pages = {180-204},
	Publisher = {New York: Oxford University Press},
	Title = {Syncretisms and the Morphosyntax of Negation},
	Year = {2018}}

@incollection{Dixon1981,
	Author = {R.M.W. Dixon},
	Booktitle = {Handbook of {A}ustralian languages},
	Date-Added = {2018-02-22 22:17:21 +0000},
	Date-Modified = {2019-05-05 23:29:51 +0200},
	Editor = {Robert M.W. Dixon and Barry Blake},
	Pages = {xxiv-144},
	Publisher = {Amsterdam: John Benjamins},
	Title = {Wargamay},
	Volume = {2},
	Year = {1981}}

@book{Durie1985,
	Author = {Mark Durie},
	Date-Added = {2018-02-22 22:17:21 +0000},
	Date-Modified = {2018-02-22 22:17:21 +0000},
	Publisher = {Dordrecht: Foris},
	Title = {A grammar of {A}cehnese: on the basis of a dialect of {N}orth {A}ceh},
	Year = {1985}}

@incollection{Endo-Wiland,
	Author = {Yoshio Endo and Bartosz Wiland},
	Booktitle = {On peripheries; {E}xploring clause initial and clause final positions},
	Date-Added = {2018-02-22 22:17:21 +0000},
	Date-Modified = {2018-02-22 22:17:21 +0000},
	Editor = {Anna Cardinaletti and Guglielmo Cinque and Yoshio Endo},
	Pages = {141-159},
	Publisher = {Tokyo: Hituzi Syobo},
	Title = {The symmetric syntax between {J}apanese complex verbs and {S}lavic prefixes},
	Year = {2014}}

@incollection{EndoWiland2014,
	Author = {Yoshio Endo and Bartosz Wiland},
	Booktitle = {On peripheries; {E}xploring clause initial and clause final positions},
	Date-Added = {2018-02-22 22:17:21 +0000},
	Date-Modified = {2018-02-22 22:17:21 +0000},
	Editor = {Anna Cardinaletti and Guglielmo Cinque and Yoshio Endo},
	Pages = {137-155},
	Publisher = {Tokyo: Hituzi Syobo},
	Title = {The symmetric syntax of {J}apanese complex verbs and {S}lavic prefixes},
	Year = {2014}}

@incollection{Friedman1991,
	Author = {Friedman, Victor A.},
	Booktitle = {Problemy opisu gramatycznego j\k{e}zyk\'ow s\l owia\'nskich. },
	Date-Added = {2018-02-22 22:17:21 +0000},
	Date-Modified = {2019-05-05 23:37:17 +0200},
	Number = {11},
	Pages = {57-63},
	Publisher = {Warszawa: Polish Academy of Sciences},
	Series = {Studia Gramatyczne},
	Title = {Romani nominal inflection: {C}ases or postpositions?},
	Year = {1991}}

@book{Guss1980,
	Author = {Edmund Gussmann},
	Date-Added = {2018-02-22 22:17:21 +0000},
	Date-Modified = {2018-02-22 22:17:21 +0000},
	Publisher = {Cambridge, MA: MIT Press},
	Title = {Studies in abstract phonology},
	Year = {1980}}

@book{Guss2007,
	Author = {Edmund Gussmann},
	Date-Added = {2018-02-22 22:17:21 +0000},
	Date-Modified = {2018-02-22 22:17:21 +0000},
	Publisher = {Oxford: Oxford University Press},
	Title = {The phonology of {Polish}},
	Year = {2007}}

@article{Halle-Matush2006,
	Author = {Morris Halle and Ora Matushansky},
	Date-Added = {2018-02-22 22:17:21 +0000},
	Date-Modified = {2018-02-22 22:17:21 +0000},
	Journal = {Linguistic Inquiry},
	Number = {3},
	Pages = {351-404},
	Title = {The morphophonology of {R}ussian adjectival inflection},
	Volume = {37},
	Year = {2006}}

@unpublished{Halle2008,
	Author = {Morris Halle},
	Date-Added = {2018-02-22 22:17:21 +0000},
	Date-Modified = {2018-02-22 22:17:21 +0000},
	Note = {Notes for talk at MIT, April 28, 2008},
	Title = {The core phonology of {M}odern {R}ussian},
	Year = {2008}}

@incollection{Janssen2004,
	Author = {Theo Janssen},
	Booktitle = {Morphology: {A}n international handbook on inflection and word-formation},
	Date-Added = {2018-02-22 22:17:21 +0000},
	Date-Modified = {2018-02-22 22:17:21 +0000},
	Editor = {Gert Booij and Christian Lehmann and Joachim Mugdan and Stavros Skopetas in collaboration with Wolfgang Kesselheim},
	Pages = {983-997},
	Publisher = {Berlin: Mouton de Gruyter},
	Title = {Deixis and reference},
	Volume = {2},
	Year = {2004}}

@incollection{Jenks-etall,
	Author = {Peter Jenks and Emmanuel-Moselly Makasso and Larry Hyman},
	Booktitle = {Relative clauses in {C}ameroonian languages},
	Date-Added = {2018-02-22 22:17:21 +0000},
	Date-Modified = {2018-04-24 20:42:29 +0000},
	Editor = {Gratien Gualbet Antindogbe and Rebecca Grollemund},
	Pages = {17-46},
	Publisher = {Berlin: Mouton de Gruyter},
	Title = {Accessibility and demonstrative operators in {B}asa\'a relative clauses},
	Year = {2017},
	Bdsk-Url-1 = {http://linguistics.berkeley.edu/~jenks/images/BasaaRelativeClauses.August2015.pdf}}

@book{Kayne1994,
	Author = {Richard Kayne},
	Date-Added = {2018-02-22 22:17:21 +0000},
	Date-Modified = {2018-02-22 22:17:21 +0000},
	Publisher = {Cambridge, MA: MIT Press},
	Title = {The antisymmetry of syntax},
	Year = {1994}}

@incollection{Kayne2004,
	Author = {Richard Kayne},
	Booktitle = {Lexique, syntaxe et lexique-grammaire/Syntax, lexis \& lexicon-grammar: {P}apers in honor of {M}aurice {G}ross},
	Date-Added = {2018-02-22 22:17:21 +0000},
	Date-Modified = {2018-02-22 22:17:21 +0000},
	Editor = {C. Lecl\`ere and E. Laporte and M. Piot and M. Silberztein},
	Pages = {253-275},
	Publisher = {Amsterdam: John Benjamins},
	Title = {Here and there},
	Year = {2004}}

@incollection{Kayne2007,
	Author = {Richard Kayne},
	Booktitle = {Miscellanea di Studi Linguistici offerti a {L}aura {V}anelli da amici e allievi padovani},
	Date-Added = {2018-02-22 22:17:21 +0000},
	Date-Modified = {2019-03-28 00:16:39 +0100},
	Editor = {Roberta Maschi and Nicoletta Penello and Piera Rizzolatti},
	Pages = {245-257},
	Publisher = {Udine: Forum},
	Title = {A short note on {\it where} vs. {\it place}},
	Year = {2007}}

@book{Kenesei1998,
	Author = {Istv\'an Kenesei and Robert M. Vago and Anna Fenyvesi},
	Date-Added = {2018-02-22 22:17:21 +0000},
	Date-Modified = {2018-02-22 22:17:21 +0000},
	Publisher = {London and New York: Routledge},
	Title = {Hungarian},
	Year = {1998}}

@article{Lander-Haegeman2016,
	Author = {Eric Lander and Liliane Haegeman},
	Date-Added = {2018-02-22 22:17:21 +0000},
	Date-Modified = {2018-12-17 01:58:28 +0100},
	Doi = {10.1111/stul.12061},
	Journal = {Studia Linguistica},
	Number = {2},
	Pages = {362--427},
	Title = {The nanosyntax of spatial deixis},
	Volume = {72},
	Year = {2016},
	Bdsk-Url-1 = {https://doi.org/10.1111/stul.12061}}

@book{Laskowski1975,
	Author = {Roman Laskowski},
	Date-Added = {2018-02-22 22:17:21 +0000},
	Date-Modified = {2018-02-22 22:17:21 +0000},
	Publisher = {Wroc\l aw: Zak\l ad Narodowy imenia Ossoli\'nskich},
	Title = {Studia nad morfonologi\k{a} wsp\'o\l czesnego j\k{e}zyka polskiego},
	Year = {1975}}

@article{Lawal1991,
	Author = {Adenike S. Lawal},
	Date-Added = {2018-02-22 22:17:21 +0000},
	Date-Modified = {2019-04-10 02:43:12 +0200},
	Journal = {Studies in African Linguistics},
	Number = {1},
	Pages = {73-84},
	Title = {Yoruba \textit{p\'e} and \textit{k\'i}: {V}erbs or complementizers},
	Volume = {22},
	Year = {1991}}

@book{Leu2015,
	Author = {Thomas Leu},
	Date-Added = {2018-02-22 22:17:21 +0000},
	Date-Modified = {2018-02-22 22:17:21 +0000},
	Publisher = {New York: Oxford University Press},
	Title = {The architecture of determiners},
	Year = {2015}}

@incollection{LTN,
	Author = {Lucie {Taraldsen Medov\'a} and Bartosz Wiland},
	Booktitle = {Exploring {N}anosyntax},
	Date-Added = {2018-02-22 22:17:21 +0000},
	Date-Modified = {2018-08-04 11:50:44 +0000},
	Editor = {Lena Baunaz and Karen De Clercq and Liliane Haegeman and Eric Lander},
	Pages = {305-328},
	Publisher = {New York: Oxford University Press},
	Title = {Functional sequence zones and {S}lavic {L$>$T$>$N} participles},
	Year = {2018}}

@incollection{Makasso2010,
	Author = {Emmanuel-Moselly Makasso},
	Booktitle = {Papers from the {W}orkshop on {B}antu relative clauses},
	Date-Added = {2018-02-22 22:17:21 +0000},
	Date-Modified = {2019-05-05 23:55:21 +0200},
	Editor = {Laura Downing and Annie Rialland and Jean-Marc Beltzung and Sophie Manus and C{\'e}dric Patin and Kristina Riedel},
	Number = {53},
	Pages = {145-158},
	Publisher = {Berlin: ZAS},
	Series = {{ZAS} {P}apers in {L}inguistics },
	Title = {Processus de relativisation en {B}\'asa\'a: de la syntaxe \'a la prosodie},
	Year = {2010}}

@incollection{McCawley1968,
	Author = {James Mc{C}awley},
	Booktitle = {Universals in linguistic theory},
	Date-Added = {2018-02-22 22:17:21 +0000},
	Date-Modified = {2019-04-10 02:44:54 +0200},
	Editor = {Emmon Bach and Robert Harms},
	Pages = {124--169},
	Publisher = {New York: Holt, Rinehart and Winston},
	Title = {The role of semantics in a grammar},
	Year = {1968}}

@incollection{McCreightChvany1991,
	Author = {Catherine McCreight and Catherine Chvany},
	Booktitle = {Paradigms: {T}he economy of inflection},
	Date-Added = {2018-02-22 22:17:21 +0000},
	Date-Modified = {2018-02-22 22:17:21 +0000},
	Editor = {Frans Plank},
	Pages = {91-112},
	Publisher = {Berlin: Mouton de Gruyter},
	Title = {Geometric representation of paradigms in a modular theory of grammar},
	Year = {1991}}

@article{Ngonyani2001,
	Author = {Deo Ngonyani},
	Date-Added = {2018-02-22 22:17:21 +0000},
	Date-Modified = {2018-04-24 20:42:55 +0000},
	Journal = {Studies in African Linguistics},
	Number = {1},
	Pages = {59-73},
	Title = {Evidence for head raising in {K}iswahili relative clauses},
	Volume = {30},
	Year = {2001},
	Bdsk-Url-1 = {https://journals.linguisticsociety.org/elanguage/sal/article/download/1349/1349-2000-1-PB.pdf}}

@article{Pantcheva2010,
	Author = {Marina Pantcheva},
	Date-Added = {2018-02-22 22:17:21 +0000},
	Date-Modified = {2018-02-22 22:17:21 +0000},
	Journal = {Linguistics},
	Number = {5},
	Pages = {1048-1081},
	Title = {The syntactic structure of {L}ocations, {G}oals, and {S}ources},
	Volume = {48},
	Year = {2010}}

@phdthesis{Pantcheva2011,
	Author = {Marina Pantcheva},
	Date-Added = {2018-02-22 22:17:21 +0000},
	Date-Modified = {2019-04-10 02:47:53 +0200},
	School = {CASTL/University of Troms{\o}},
	Title = {Decomposing path: {T}he nanosyntax of directional expressions},
	Year = {2011}}

@incollection{Pesetsky-comp,
	Author = {David Pesetsky},
	Booktitle = {The {W}iley {B}lackwell companion to syntax, 2nd edition},
	Date-Added = {2018-02-22 22:17:21 +0000},
	Date-Modified = {2018-02-22 22:17:21 +0000},
	Editor = {Martin Everaert and Henk van Riemsdijk},
	Publisher = {Wiley Blackwell},
	Title = {Complementizer-trace effects},
	Year = {2017}}

@book{Redden1980,
	Author = {James Redden},
	Date-Added = {2018-02-22 22:17:21 +0000},
	Date-Modified = {2018-02-22 22:17:21 +0000},
	Publisher = {Carbondale, IL: Department of Linguistics},
	Title = {A descriptive grammar of {E}wondo},
	Year = {1980}}

@article{Roehrs2010,
	Author = {Dorian Roehrs},
	Date-Added = {2018-02-22 22:17:21 +0000},
	Date-Modified = {2019-03-28 01:21:29 +0100},
	Doi = {10.1007/s10828-010-9038-4},
	Journal = {Journal of Comparative Germanic Linguistics},
	Number = {3},
	Pages = {225-268},
	Title = {Demonstrative-reinforcer constructions},
	Volume = {13},
	Year = {2010},
	Bdsk-Url-1 = {https://doi.org/10.1007/s10828-010-9038-4}}

@incollection{Ross2007,
	Author = {Malcolm Ross},
	Booktitle = {The lexicon of {P}orto {O}ceanic: {T}he culture and environment of ancestral {O}ceanic society},
	Date-Added = {2018-02-22 22:17:21 +0000},
	Date-Modified = {2018-02-22 22:17:21 +0000},
	Editor = {Malcolm Ross and Andrew Pawley and Meredith Osmond},
	Pages = {229-294},
	Publisher = {Canberra: ANU E Press},
	Title = {Talking about space: terms of location and direction},
	Volume = {2: {T}he physical environment},
	Year = {2007}}

@book{Rubach1984,
	Author = {Jerzy Rubach},
	Date-Added = {2018-02-22 22:17:21 +0000},
	Date-Modified = {2019-05-06 00:07:58 +0200},
	Publisher = {Dordrecht: Foris},
	Title = {Cyclic and lexical phonology: {T}he structure of {P}olish},
	Year = {1984}}

@inproceedings{Scheer2007,
	Author = {Tobias Scheer},
	Booktitle = {Annual {W}orkshop on {F}ormal {A}pproaches to {S}lavic {L}inguistics. {T}he {T}oronto {M}eeting 2006},
	Date-Added = {2018-02-22 22:17:21 +0000},
	Date-Modified = {2018-02-22 22:17:21 +0000},
	Editor = {Richard Compton and Magdalena Goledzinowska and Ulyana Savchenko},
	Pages = {346-364},
	Publisher = {Ann Arbor: Michigan Slavic Publications},
	Title = {On the status of word-initial cluster in {S}lavic (and elsewhere)},
	Year = {2007}}

@article{Starke2017,
	Author = {Michal Starke},
	Date-Added = {2018-02-22 22:17:21 +0000},
	Date-Modified = {2019-03-28 01:26:32 +0100},
	Doi = {10.5334/gjgl.408},
	Journal = {Glossa: a journal of general linguistics},
	Number = {1},
	Pages = {104},
	Title = {Resolving ({DAT = ACC}) ≠ {GEN}},
	Volume = {2},
	Year = {2017},
	Bdsk-Url-1 = {http://ling.auf.net/lingbuzz/003783}}

@incollection{Starke2018,
	Author = {Michal Starke},
	Booktitle = {Exploring {N}anosyntax},
	Date-Added = {2018-02-22 22:17:21 +0000},
	Date-Modified = {2019-05-06 00:37:16 +0200},
	Editor = {Lena Baunaz and Karen De Clercq and Liliane Haegeman and Eric Lander},
	Pages = {239--249},
	Publisher = {New York: Oxford University Press},
	Title = {Complex left branches, spellout and prefixes},
	Year = {2018}}

@incollection{Taraldsen2018,
	Author = {Tarald Taraldsen},
	Booktitle = {Exploring {N}anosyntax},
	Date-Added = {2018-02-22 22:17:21 +0000},
	Date-Modified = {2018-02-22 22:21:11 +0000},
	Editor = {Lena Baunaz and Karen De Clercq and Liliane Haegeman and Eric Lander},
	Publisher = {New York: Oxford University Press},
	Title = {Spanning vs. constituent lexicalization: {T}he case of portmanteau prefixes},
	Year = {2017}}

@article{NU,
	Author = {Lucie {Taraldsen Medov\'a} and Bartosz Wiland},
	Date-Added = {2018-02-22 22:17:21 +0000},
	Date-Modified = {2019-02-21 15:32:08 +0100},
	Doi = {10.1007/s11049-018-9434-z},
	Journal = {Natural Language \& Linguistic Theory},
	Title = {Semelfactives are bigger than degree achievements.},
	Year = {2018},
	Bdsk-Url-1 = {https://doi.org/10.1007/s11049-018-9434-z}}

@incollection{VandenWyn2018,
	Author = {Vanden Wyngaerd, Guido},
	Booktitle = {Exploring nanosyntax},
	Date-Added = {2018-02-22 22:17:21 +0000},
	Date-Modified = {2018-02-22 22:17:21 +0000},
	Editor = {Lena Baunaz and Karen {D}e Clercq and Liliane Haegeman and Eric Lander},
	Publisher = {New York: Oxford University Press},
	Title = {The Feature Structure of Pronouns: A Probe into Multidimensional Paradigms},
	Year = {2018}}

@book{Wiland-book,
	Author = {Bartosz Wiland},
	Date-Added = {2018-02-22 22:17:21 +0000},
	Date-Modified = {2018-02-22 22:17:21 +0000},
	Publisher = {Ms., Adam Mickiewicz University in Pozna\'n},
	Title = {The spell-out algorithm and lexicalization patterns: Slavic verbs and complementizers},
	Year = {in prep.}}

@article{Wiland-PSiCL,
	Author = {Bartosz Wiland},
	Date-Added = {2018-02-22 22:17:21 +0000},
	Date-Modified = {2018-12-16 03:12:21 +0100},
	Doi = {10.1515/psicl-2018-0023},
	Journal = {Pozna\'n Studies in Contemporary Linguistics},
	Number = {4},
	Pages = {573--604},
	Title = {A note on lexicalizing `what' and `who' in {R}ussian and in {P}olish},
	Volume = {54},
	Year = {2018},
	Bdsk-Url-1 = {https://doi.org/10.1515/psicl-2018-0023}}

@article{Wo-Bodomo2009,
	Author = {Yicheng Wu and Adams Bodomo},
	Date-Added = {2018-02-22 22:17:21 +0000},
	Date-Modified = {2018-02-22 22:17:21 +0000},
	Journal = {Linguistic Inquiry},
	Number = {3},
	Pages = {487-503},
	Title = {Classifiers $\neq$ determiners},
	Volume = {40},
	Year = {2009}}

@book{DixonAik2006,
	Author = {{R. M. W.} Dixon and Alexandra Aikhenvald},
	Date-Added = {2017-12-19 02:26:51 +0000},
	Date-Modified = {2019-05-05 23:50:33 +0200},
	Publisher = {Oxford: Oxford University Press},
	Title = {Complementation: {A} cross-linguistic typology},
	Year = {2006}}

@book{Kuno1973,
	Author = {Susumu Kuno},
	Date-Added = {2017-12-19 02:08:27 +0000},
	Date-Modified = {2017-12-19 02:09:33 +0000},
	Publisher = {Cambridge, MA: MIT Press},
	Title = {The structure of the {J}apanese language},
	Year = {1973}}

@article{Grosu2002,
	Author = {Alexander Grosu},
	Date-Added = {2017-12-19 02:07:03 +0000},
	Date-Modified = {2017-12-19 02:08:12 +0000},
	Journal = {GLOT International},
	Pages = {145-167},
	Title = {Strange relatives at the interface of two millennia},
	Volume = {6},
	Year = {2002}}

@article{Bayer1984,
	Author = {Josef Bayer},
	Date-Added = {2017-12-18 02:46:19 +0000},
	Date-Modified = {2018-12-17 01:59:19 +0100},
	Doi = {10.1515/tlir.1984.3.3.209},
	Journal = {The Linguistic Review},
	Number = {3},
	Pages = {209--274},
	Title = {Comp in {B}avarian syntax},
	Volume = {3},
	Year = {1984},
	Bdsk-Url-1 = {https://doi.org/10.1515/tlir.1984.3.3.209}}

@incollection{PennerBader1995,
	Author = {Zvi Penner and Thomas Bader},
	Booktitle = {Topics in {S}wiss {G}erman syntax},
	Date-Added = {2017-12-18 02:43:50 +0000},
	Date-Modified = {2017-12-18 02:46:00 +0000},
	Editor = {Zvi Penner},
	Pages = {73-289},
	Publisher = {Bern: Peter Lang},
	Title = {Issues in the Syntax of Subordination: {A} Comparative Study of the Complementizer System in {G}ermanic, {R}omance, and {S}emitic Languages with Special Reference to {Bernese Swiss German}},
	Year = {1995}}

@incollection{vanR2003,
	Author = {Henk van Riemsdijk},
	Booktitle = {Germania et alia: {A} Linguistic Webschrift for {Hans den Besten}},
	Date-Added = {2017-12-18 02:37:04 +0000},
	Date-Modified = {2019-05-06 00:21:17 +0200},
	Editor = {Jan Koster and Henk van Riemsdijk},
	Pages = {1-20},
	Publisher = {Groningen: University of Groningen},
	Title = {East meets {W}est: {A}boutness relatives in {S}wiss {G}erman.},
	Year = {2003},
	Bdsk-Url-1 = {http://odur.let.rug.nl/~koster/DenBes-ten/contents.htm}}

@incollection{vanR1989,
	Author = {Henk van Riemsdijk},
	Booktitle = {Sentential complementation and the lexicon: {S}tudies in Honour of {Wim De Geest}},
	Date-Added = {2017-12-18 02:30:56 +0000},
	Date-Modified = {2017-12-18 02:43:16 +0000},
	Editor = {Dany Jaspers and Wim Klooster and Yvan Putseys and Pieter Seuren},
	Pages = {343-354},
	Publisher = {Dordrecht: Foris},
	Title = {Swiss relatives},
	Year = {1989}}

@article{Abdoulaye2008,
	Author = {Mahamane L. Abdoulaye},
	Date-Added = {2017-12-14 20:57:41 +0000},
	Date-Modified = {2017-12-14 20:57:41 +0000},
	Journal = {Linguistik Online},
	Number = {4},
	Pages = {3-19},
	Title = {Distance and visibility: A two-component system in {H}ausa deixis},
	Volume = {36},
	Year = {2008}}

@incollection{Hyman2003,
	Author = {Larry Hyman},
	Booktitle = {The {B}antu languages},
	Date-Added = {2017-12-14 20:57:41 +0000},
	Date-Modified = {2019-03-28 00:14:22 +0100},
	Editor = {Derek Nurse and G\'erard Philippson},
	Pages = {257-282},
	Publisher = {New York: Routledge},
	Title = {Basa\'a},
	Year = {2003}}

@book{Jaggar2001,
	Author = {Philip Jaggar},
	Date-Added = {2017-12-14 20:57:41 +0000},
	Date-Modified = {2017-12-14 20:57:41 +0000},
	Publisher = {Amsterdam/Philadelphia: John Benjamins},
	Title = {Hausa},
	Year = {2001}}

@article{JaggarBuba1994,
	Author = {Philip Jaggar and Malami Buba},
	Date-Added = {2017-12-14 20:57:41 +0000},
	Date-Modified = {2017-12-14 20:57:41 +0000},
	Journal = {Language Sciences},
	Pages = {387-421},
	Title = {The space and time adverbials \textit{nan/can} in {H}ausa: Cracking the deictic code},
	Volume = {16},
	Year = {1994}}

@book{Newman2000,
	Author = {Paul Newman},
	Date-Added = {2017-12-14 20:57:41 +0000},
	Date-Modified = {2017-12-14 20:57:41 +0000},
	Publisher = {New Haven/London: Yale University Press},
	Title = {The {H}ausa language: an encyclopedic reference grammar},
	Year = {2000}}

@phdthesis{Yalwa1995,
	Author = {Lawan Danaldi Yalwa},
	Date-Added = {2017-12-14 20:57:41 +0000},
	Date-Modified = {2017-12-14 20:57:41 +0000},
	School = {UCLA},
	Title = {Issues in the syntax of {H}ausa complementation},
	Year = {1995}}

@phdthesis{Abels2003,
	Author = {Klaus Abels},
	Date-Added = {2017-12-06 21:40:50 +0000},
	Date-Modified = {2017-12-06 21:40:50 +0000},
	School = {University of Connecticutt, Storrs.},
	Title = {Successive-cyclicity, locality, and adposition stranding},
	Year = {2003}}

@article{Abels2007,
	Author = {Klaus Abels},
	Date-Added = {2017-12-06 21:40:50 +0000},
	Date-Modified = {2018-12-17 01:50:35 +0100},
	Doi = {10.1075/livy.7.04abe},
	Journal = {Linguistic Variation Yearbook},
	Pages = {53--120},
	Title = {Towards a restrictive theory of (remnant) movement},
	Volume = {7},
	Year = {2007},
	Bdsk-Url-1 = {https://doi.org/10.1075/livy.7.04abe}}

@article{Abels2008,
	Author = {Klaus Abels},
	Date-Added = {2017-12-06 21:40:50 +0000},
	Date-Modified = {2017-12-06 21:40:50 +0000},
	Journal = {Linguistic Variation Yearbook},
	Pages = {53--120},
	Title = {Towards a restrictive theory of (remnant) movement},
	Volume = {7},
	Year = {2008}}

@article{Aboh2009,
	Author = {Enoch O. Aboh},
	Date-Added = {2017-12-06 21:40:50 +0000},
	Date-Modified = {2017-12-06 21:40:50 +0000},
	Journal = {Linguistic Inquiry},
	Pages = {1-33},
	Title = {Clause structure and verb series},
	Volume = {40},
	Year = {2009}}

@article{Babko2003,
	Author = {Olga Babko-Malaya},
	Date-Added = {2017-12-06 21:40:50 +0000},
	Date-Modified = {2017-12-06 21:40:50 +0000},
	Journal = {Journal of Slavic Linguistics},
	Number = {5},
	Pages = {5-36},
	Title = {Perfectivity and prefixation in {R}ussian},
	Volume = {11},
	Year = {2003}}

@article{Bacz2012,
	Author = {Barbara Bacz},
	Date-Added = {2017-12-06 21:40:50 +0000},
	Date-Modified = {2019-03-27 00:31:13 +0100},
	Journal = {Studies in Polish Linguistics},
	Number = {1},
	Pages = {107-128},
	Title = {Reflections on semelfactivity in {P}olish},
	Url = {http://www.ejournals.eu/SPL/2012/SPL-vol-7-2012/art/1163/},
	Volume = {7},
	Year = {2012},
	Bdsk-Url-1 = {http://www.ejournals.eu/SPL/2012/SPL-vol-7-2012/art/1163/}}

@book{Baerman2005,
	Author = {Matthew Baerman and Dunstan Brown and Greville Corbett},
	Date-Added = {2017-12-06 21:40:50 +0000},
	Date-Modified = {2019-05-06 00:29:13 +0200},
	Publisher = {Cambridge, UK: Cambridge University Press},
	Title = {The Syntax-Morph-ology Interface: {A} Study of Syncretism.},
	Year = {2005}}

@incollection{Bailyn03,
	Author = {John Bailyn},
	Booktitle = {Word order and scrambling},
	Date-Added = {2017-12-06 21:40:50 +0000},
	Date-Modified = {2017-12-06 21:40:50 +0000},
	Editor = {Simin Karimi},
	Pages = {156--176},
	Publisher = {Amsterdam: John Benjamins},
	Title = {{D}oes {R}ussian scrambling exist?},
	Year = {2003}}

@article{Bailyn04,
	Author = {John Bailyn},
	Date-Added = {2017-12-06 21:40:50 +0000},
	Date-Modified = {2017-12-06 21:40:50 +0000},
	Journal = {Natural Language and Linguistic Theory},
	Pages = {1--49},
	Title = {Generalized inversion},
	Volume = {22},
	Year = {2004}}

@book{Baker2003,
	Author = {Mark Baker},
	Date-Added = {2017-12-06 21:40:50 +0000},
	Date-Modified = {2017-12-06 21:40:50 +0000},
	Publisher = {Cambridge, UK: Cambridge University Press},
	Title = {Lexical categories: verbs, nouns and adjectives},
	Year = {2003}}

@unpublished{Baker2005,
	Author = {Mark Baker},
	Date-Added = {2017-12-06 21:40:50 +0000},
	Date-Modified = {2017-12-06 21:40:50 +0000},
	Note = {Ms., Rutgers University},
	Title = {On gerunds and the theory of categories},
	Year = {2005}}

@article{Baltin2002,
	Author = {Mark Baltin},
	Date-Added = {2017-12-06 21:40:50 +0000},
	Date-Modified = {2017-12-06 21:40:50 +0000},
	Journal = {Linguistic Inquiry},
	Number = {4},
	Pages = {653-659},
	Title = {Movement to the Higher {V} Is Remnant Movement},
	Volume = {33},
	Year = {2002}}

@incollection{Barbiers2002,
	Author = {Sjef Barbiers},
	Booktitle = {Dimensions of movement: {F}rom features to remnants},
	Date-Added = {2017-12-06 21:40:50 +0000},
	Date-Modified = {2017-12-06 21:40:50 +0000},
	Editor = {Artemis Alexiadou and Elena Anagnostopoulou and Sjef Barbiers},
	Publisher = {Amsterdam/Philadelphia: John Benjamins},
	Title = {Remnant stranding and the theory of movement},
	Year = {2002}}

@misc{Basic2004,
	Author = {Monika Ba{\v s}i{\'c}},
	Date-Added = {2017-12-06 21:40:50 +0000},
	Date-Modified = {2017-12-06 21:40:50 +0000},
	Howpublished = {MA thesis, University of Troms{\o}},
	Title = {Nominal subextractions and the structure of {NP}s in {S}erbian and {E}nglish},
	Year = {2004}}

@incollection{BaunazLander2018,
	Author = {Lena Baunaz and Eric Lander},
	Booktitle = {Balkan {Syntax and (Universal) principles of Grammar}},
	Date-Added = {2017-12-06 21:40:50 +0000},
	Date-Modified = {2019-05-06 00:31:51 +0200},
	Editor = {Brian Joseph and Iliyana Krapova},
	Pages = {218--246},
	Publisher = {Berlin: Mouton de Gruyter},
	Title = {Cross-categorial syncretism and the {S}lavic containment puzzle.},
	Year = {2018}}

@inproceedings{Beaversetal.2009,
	Author = {John Beavers and Elias Ponvert and Stephen Wechsler},
	Booktitle = {Proceedings of {SALT XVIII}},
	Date-Added = {2017-12-06 21:40:50 +0000},
	Date-Modified = {2017-12-06 21:40:50 +0000},
	Editor = {Tova Friedman and Satoshi Ito},
	Pages = {108-125},
	Publisher = {Ithaca: CLC Publications},
	Title = {Possession of a Controlled Substantive: Light `have' and Other Verbs of Possession},
	Year = {2009}}

@incollection{BellettiRizzi2012,
	Author = {Adriana Belletti and Luigi Rizzi},
	Booktitle = {Functional heads},
	Date-Added = {2017-12-06 21:40:50 +0000},
	Date-Modified = {2017-12-06 21:40:50 +0000},
	Editor = {Laura Brug\'e and Anna Cardinaletti and Giuliana Giusti and Nicola Munaro and Cecilia Poletto},
	Pages = {129-137},
	Publisher = {Oxford: Oxford University Press},
	Series = {The {C}artography of {S}yntactic {S}tructures},
	Title = {Moving verbal chunks in the low functional field},
	Volume = {7},
	Year = {2012}}

@article{BellRizzi88,
	Author = {Adriana Belletti and Luigi Rizzi},
	Date-Added = {2017-12-06 21:40:50 +0000},
	Date-Modified = {2017-12-06 21:40:50 +0000},
	Journal = {Natural Language and Linguistic Theory},
	Pages = {291---352},
	Title = {Psych-verbs and Theta-theory},
	Volume = {6},
	Year = {1988}}

@incollection{BestWeb1990,
	Author = {Hans den Besten and Gert Webelhuth},
	Booktitle = {Scrambling and barriers},
	Date-Added = {2017-12-06 21:40:50 +0000},
	Date-Modified = {2017-12-06 21:40:50 +0000},
	Editor = {G\"{u}nther Grewendorf and Wolfgang Sternefeld},
	Pages = {77--92},
	Publisher = {Amsterdam and Philadelphia: Academic Press},
	Title = {Stranding},
	Year = {1990}}

@incollection{Biskup2012,
	Author = {Petr Biskup},
	Booktitle = {Slavic Languages in Formal Grammar. Proceedings of {FDSL} 8.5, {B}rno 2010},
	Date-Added = {2017-12-06 21:40:50 +0000},
	Date-Modified = {2017-12-06 21:40:50 +0000},
	Editor = {Mark\'eta Zikov\'a and Mojm\'ir Do\v{c}ekal},
	Pages = {271-289},
	Publisher = {Frankfurt am Main: Peter Lang},
	Title = {Slavic prefixes and adjectival participles},
	Year = {2012}}

@book{Blake1994,
	Author = {Barry Blake},
	Date-Added = {2017-12-06 21:40:50 +0000},
	Date-Modified = {2017-12-06 21:40:50 +0000},
	Publisher = {Cambridge, UK: Cambridge University Press},
	Title = {Case},
	Year = {1994}}

@book{Borer2013,
	Author = {Hagit Borer},
	Date-Added = {2017-12-06 21:40:50 +0000},
	Date-Modified = {2017-12-06 21:40:50 +0000},
	Publisher = {Oxford: Oxford University Press},
	Title = {Taking form: {S}tructuring Sense, {V}olume {III}},
	Year = {2013}}

@misc{Bosko1998,
	Author = {{\v Z}eljko Bo{\v s}kovi{\'c}},
	Date-Added = {2017-12-06 21:40:50 +0000},
	Date-Modified = {2017-12-06 21:40:50 +0000},
	Howpublished = {Ms., University of Connecticut, Storrs},
	Title = {Wh-phrases and wh-movement in {S}lavic},
	Year = {1998}}

@article{Bosko2002,
	Author = {{\v Z}eljko Bo{\v s}kovi{\'c}},
	Date-Added = {2017-12-06 21:40:50 +0000},
	Date-Modified = {2017-12-06 21:40:50 +0000},
	Journal = {Linguistic Inquiry},
	Pages = {351--383},
	Title = {On multiple wh-fronting},
	Volume = {33},
	Year = {2002}}

@article{Bosko2005,
	Author = {{\v Z}eljko Bo{\v s}kovi{\'c}},
	Date-Added = {2017-12-06 21:40:50 +0000},
	Date-Modified = {2017-12-06 21:40:50 +0000},
	Journal = {Studia Linguistica},
	Pages = {1--45},
	Title = {On the locality of left branch extraction and the structure of {NP}},
	Volume = {59},
	Year = {2005}}

@incollection{Bosko2008a,
	Author = {{\v Z}eljko Bo{\v s}kovi{\'c}},
	Booktitle = {Proceedings of {NELS 37}},
	Date-Added = {2017-12-06 21:40:50 +0000},
	Date-Modified = {2017-12-06 21:40:50 +0000},
	Editor = {Emily Elfner and Martin Walkow},
	Pages = {101--114},
	Publisher = {University of Massachusetts: GLSA},
	Title = {What will you have, {DP} or {NP}?},
	Volume = {1},
	Year = {2008a}}

@article{Bosko2008b,
	Author = {{\v Z}eljko Bo{\v s}kovi{\'c}},
	Date-Added = {2017-12-06 21:40:50 +0000},
	Date-Modified = {2017-12-06 21:40:50 +0000},
	Journal = {Natural Language and Linguistic Theory},
	Pages = {249--287},
	Title = {On the operator freezing effect},
	Volume = {26},
	Year = {2008b}}

@article{Bosko2009,
	Author = {{\v Z}eljko Bo{\v s}kovi{\'c}},
	Date-Added = {2017-12-06 21:40:50 +0000},
	Date-Modified = {2017-12-06 21:40:50 +0000},
	Journal = {Studia Linguistica},
	Title = {More on the no-{DP} analysis of article-less languages},
	Year = {in press}}

@unpublished{Bosko2016,
	Author = {{\v Z}eljko Bo{\v s}kovi{\'c}},
	Date-Added = {2017-12-06 21:40:50 +0000},
	Date-Modified = {2017-12-06 21:40:50 +0000},
	Note = {Ms., University of Connecticut},
	Title = {The ban on movement out of moved elements in the phasal/labeling system},
	Year = {2016}}

@book{Brody1995,
	Author = {Michael Brody},
	Date-Added = {2017-12-06 21:40:50 +0000},
	Date-Modified = {2017-12-06 21:40:50 +0000},
	Publisher = {Cambridge, MA: MIT Press},
	Title = {Lexico-logical Form},
	Year = {1995}}

@article{Bur03,
	Author = {Daniel B\"{u}ring},
	Date-Added = {2017-12-06 21:40:50 +0000},
	Date-Modified = {2017-12-06 21:40:50 +0000},
	Journal = {Linguistics and Philosophy},
	Pages = {511--545},
	Title = {On {D}-trees, beans, and {B}-accents},
	Volume = {26},
	Year = {2003}}

@book{Bur05,
	Author = {Daniel B\"{u}ring},
	Date-Added = {2017-12-06 21:40:50 +0000},
	Date-Modified = {2017-12-06 21:40:50 +0000},
	Publisher = {Cambridge, UK: Cambridge University Press},
	Title = {Binding theory},
	Year = {2005}}

@incollection{Bur99,
	Author = {Daniel B\"{u}ring},
	Booktitle = {Focus - Linguistic, Cognitive, and Computational Perspectives},
	Date-Added = {2017-12-06 21:40:50 +0000},
	Date-Modified = {2017-12-06 21:40:50 +0000},
	Editor = {Peter Bosch and Rob van der Sandt},
	Pages = {142-165},
	Publisher = {Cambridge, UK: Cambridge University Press},
	Title = {Topic},
	Year = {1999}}

@article{Cable2012,
	Author = {Seth Cable},
	Date-Added = {2017-12-06 21:40:50 +0000},
	Date-Modified = {2017-12-06 21:40:50 +0000},
	Journal = {Natural Language and Linguistic Theory},
	Pages = {651-697},
	Title = {The optionality of the {EPP} in {D}holuo},
	Volume = {30},
	Year = {2012}}

@incollection{Caha2008,
	Author = {Pavel Caha},
	Booktitle = {Scales},
	Date-Added = {2017-12-06 21:40:50 +0000},
	Date-Modified = {2017-12-06 21:40:50 +0000},
	Editor = {Marc Richards and Andrej Malchukov},
	Pages = {247-276},
	Publisher = {Universit\"at Leipzig},
	Series = {{L}inguistische {A}rbeits {B}erichte},
	Title = {The case hierarchy as functional sequence},
	Volume = {86},
	Year = {2008}}

@phdthesis{Caha2009,
	Author = {Pavel Caha},
	Date-Added = {2017-12-06 21:40:50 +0000},
	Date-Modified = {2018-07-12 01:27:48 +0000},
	School = {CASTL/University of Troms\o},
	Title = {The nanosyntax of case},
	Year = {2009}}

@article{Caha2011,
	Author = {Pavel Caha},
	Date-Added = {2017-12-06 21:40:50 +0000},
	Date-Modified = {2018-12-17 02:07:26 +0100},
	Doi = {10.1075/livy.10.02cah},
	Journal = {Linguistic Variation Yearbook},
	Pages = {32--77},
	Title = {The parameters of case marking and spell out driven movement},
	Volume = {10},
	Year = {2011},
	Bdsk-Url-1 = {https://doi.org/10.1075/livy.10.02cah}}

@unpublished{Caha2011b,
	Author = {Pavel Caha},
	Date-Added = {2017-12-06 21:40:50 +0000},
	Date-Modified = {2019-03-27 21:22:24 +0100},
	Note = {Manuscript, http://ling.auf.net/lingbuzz/001325},
	Title = {Case in adpositional phrases},
	Year = {2011},
	Bdsk-Url-1 = {http://ling.auf.net/lingbuzz/001325}}

@article{Caha2013,
	Author = {Pavel Caha},
	Date-Added = {2017-12-06 21:40:50 +0000},
	Date-Modified = {2018-12-17 03:08:04 +0100},
	Doi = {10.1007/s11049-013-9206-8},
	Journal = {Natural Language \& Linguistic Theory},
	Number = {4},
	Pages = {1015--1066},
	Title = {Explaining the structure of case paradigms by the mechanisms of {N}anosyntax. {T}he Classical {A}rmenian nominal declension},
	Volume = {31},
	Year = {2013},
	Bdsk-Url-1 = {https://doi.org/10.1007/s11049-013-9206-8}}

@unpublished{CahaPantcheva-Shona,
	Author = {Pavel Caha and Marina Pantcheva},
	Date-Added = {2017-12-06 21:40:50 +0000},
	Date-Modified = {2019-03-27 21:21:27 +0100},
	Note = {Manuscript, http://ling.auf.net/lingbuzz/002220},
	Title = {Locatives in {Shona and Luganda}},
	Year = {2016}}

@inproceedings{Cetnarowska2000,
	Author = {Bo{\.z}ena Cetnarowska},
	Booktitle = {{F}ormal {A}pproaches to {S}lavic {L}inguistics 8},
	Date-Added = {2017-12-06 21:40:50 +0000},
	Date-Modified = {2017-12-06 21:40:50 +0000},
	Editor = {Tracy H. King and Irina Sekerina},
	Pages = {78-96},
	Publisher = {Ann Arbor: Michigan Slavic Publications},
	Title = {The unaccusative/unergative split and the derivation of resultative adjectives in Polish},
	Year = {2000}}

@incollection{Cetnarowska2002a,
	Author = {Bo{\.z}ena Cetnarowska},
	Booktitle = {Many morphologies},
	Date-Added = {2017-12-06 21:40:50 +0000},
	Date-Modified = {2017-12-06 21:40:50 +0000},
	Editor = {Paul Boucher},
	Pages = {48-81},
	Publisher = {Somerville, MA: Cascadilla Press},
	Title = {Unaccusativity mismatches and unaccusativity diagnostics from derivational morphology},
	Year = {2002}}

@incollection{Cetnarowska2002b,
	Author = {Bo{\.z}ena Cetnarowska},
	Booktitle = {Morphology 2000: {S}elected papers from the 9th {M}orphology {M}eeting, {V}ienna, 24--28 {F}ebruary 2000},
	Date-Added = {2017-12-06 21:40:50 +0000},
	Date-Modified = {2019-03-27 21:24:55 +0100},
	Editor = {Sabrina Bendjaballah and Wolfgang U. Dressler and Oskar E. Pfeiffer and Maria D. Voeikova},
	Pages = {59-72},
	Publisher = {Amsterdam: John Benjamins},
	Title = {Adjectival past-participle formation as an unaccusativity diagnostic in {E}nglish and in {P}olish},
	Year = {2002}}

@incollection{Chomsky1970,
	Author = {Noam Chomsky},
	Booktitle = {Readings in {E}nglish {T}ransformational {G}rammar},
	Date-Added = {2017-12-06 21:40:50 +0000},
	Date-Modified = {2017-12-06 21:40:50 +0000},
	Editor = {R. Jacobs and P. Rosenbaum},
	Pages = {184-221},
	Publisher = {Waltham, MA: Ginn},
	Title = {Remarks on nominlizations},
	Year = {1970}}

@book{Chomsky1995,
	Author = {Noam Chomsky},
	Date-Added = {2017-12-06 21:40:50 +0000},
	Date-Modified = {2017-12-06 21:40:50 +0000},
	Publisher = {Cambridge, MA: MIT Press},
	Title = {The {M}inimalist {P}rogram},
	Year = {1995}}

@incollection{Chomsky2008,
	Author = {Noam Chomsky},
	Booktitle = {{F}oundational issues in linguistic theory; {E}ssays in honor of {J}ean-{R}oger {V}ergnaud},
	Date-Added = {2017-12-06 21:40:50 +0000},
	Date-Modified = {2017-12-06 21:40:50 +0000},
	Editor = {Robert Freidin, Carlos P. Otero and Maria Luisa Zubizaretta},
	Pages = {133-166},
	Publisher = {Cambridge, MA: MIT Press},
	Title = {On phases},
	Year = {2008}}

@article{Chvany1982,
	Author = {Catherine Chvany},
	Date-Added = {2017-12-06 21:40:50 +0000},
	Date-Modified = {2017-12-06 21:40:50 +0000},
	Journal = {Russian Language Journal},
	Pages = {133-147},
	Title = {Hierarchies in the {R}ussian Case System: {F}or {N-A-G-P-D-I}, against {N-G-D-A-I-P}},
	Volume = {35},
	Year = {1982}}

@article{CinqueRizzi2008,
	Author = {Guglielmo Cinque and Luigi Rizzi},
	Date-Added = {2017-12-06 21:40:50 +0000},
	Date-Modified = {2019-05-05 22:07:29 +0200},
	Journal = {{CISCL} {W}orking {P}apers, {S}tudies in {L}inguistics},
	Pages = {42-58},
	Title = {The Cartography of Syntactic Structures},
	Volume = {2},
	Year = {2008}}

@incollection{CitkoGroh,
	Author = {Barbara Citko and Kleanthes Grohmann},
	Booktitle = {{F}ormal {A}pproaches to {S}lavic {L}inguistics 9},
	Date-Added = {2017-12-06 21:40:50 +0000},
	Date-Modified = {2017-12-06 21:40:50 +0000},
	Editor = {Steven Franks and T. Holloway King and Michael Yadroff},
	Pages = {117--136},
	Publisher = {Ann Arbor, MI: University of Michigan Press},
	Title = {The (non-)uniqueness of multiple wh-fronting},
	Year = {2001}}

@article{Collins05a,
	Author = {Chris Collins},
	Date-Added = {2017-12-06 21:40:50 +0000},
	Date-Modified = {2017-12-06 21:40:50 +0000},
	Journal = {Syntax},
	Pages = {81--120},
	Title = {A smuggling approach to passive in {E}nglish},
	Volume = {8},
	Year = {2005a}}

@article{Collins05b,
	Author = {Chris Collins},
	Date-Added = {2017-12-06 21:40:50 +0000},
	Date-Modified = {2017-12-06 21:40:50 +0000},
	Journal = {Linguistic Inquiry},
	Number = {2},
	Pages = {289--298},
	Title = {A smuggling approach to raising in {E}nglish},
	Volume = {36},
	Year = {2005b}}

@unpublished{CollSab2007,
	Author = {Chris Collins and Joachim Sabel},
	Date-Added = {2017-12-06 21:40:50 +0000},
	Date-Modified = {2017-12-06 21:40:50 +0000},
	Note = {Ms, {NYU} and {U}niversit\'{e} {C}atholique de {L}ouvain},
	Title = {An {LF}-interface constraint on remnant movement},
	Year = {2007}}

@article{Despic2013,
	Author = {Miloje Despi{\'c}},
	Date-Added = {2017-12-06 21:40:50 +0000},
	Date-Modified = {2017-12-06 21:40:50 +0000},
	Journal = {Linguistic Inquiry},
	Pages = {239--270},
	Title = {Binding and the structure of {NP in Serbo-Croatian}},
	Volume = {44},
	Year = {2013}}

@article{DickeyJanda2009,
	Author = {Stephen Dickey and Laura Janda},
	Date-Added = {2017-12-06 21:40:50 +0000},
	Date-Modified = {2019-05-05 23:28:50 +0200},
	Doi = {10.1007/s11185-009-9044-9},
	Journal = {Russian Linguistics},
	Number = {3},
	Pages = {229-248},
	Title = {\textit{Hohotnul, shitril:} {T}he relationship between semelfactives formed with \textit{-nu-} and \textit{s-} in {R}ussian},
	Volume = {33},
	Year = {2009},
	Bdsk-Url-1 = {https://doi.org/10.1007/s11185-009-9044-9}}

@incollection{DiS-Slab,
	Author = {Anna Maria DiSciullo and Roumyana Slabakova},
	Booktitle = {Perspectives on aspect},
	Date-Added = {2017-12-06 21:40:50 +0000},
	Date-Modified = {2017-12-06 21:40:50 +0000},
	Editor = {A. van Hout and H. de Swart and H. Verkuyl},
	Pages = {61-80},
	Publisher = {Dordrecht: Springer},
	Title = {Quantification and aspect},
	Year = {2005}}

@book{dowty79,
	Address = {Dordrecht},
	Author = {David Dowty},
	Date-Added = {2017-12-06 21:40:50 +0000},
	Date-Modified = {2019-03-27 21:39:43 +0100},
	Publisher = {Kluwer},
	Title = {Word meaning and {Montague} grammar},
	Year = {1979}}

@article{Drubig2003,
	Author = {Bernhard H. Drubig},
	Date-Added = {2017-12-06 21:40:50 +0000},
	Date-Modified = {2017-12-06 21:40:50 +0000},
	Journal = {Linguistics},
	Pages = {1--50},
	Title = {Toward a Typology of {F}ocus and {F}ocus constructions},
	Volume = {41},
	Year = {2003}}

@article{EmbickMarantz2008,
	Author = {David Embick and Alec Marantz},
	Date-Added = {2017-12-06 21:40:50 +0000},
	Date-Modified = {2017-12-06 21:40:50 +0000},
	Journal = {Linguistic Inquiry},
	Pages = {1-53},
	Title = {Architecture and blocking},
	Volume = {75},
	Year = {2008}}

@incollection{EN2007,
	Author = {David Embick and Rolf Noyer},
	Booktitle = {The {O}xford handbook of linguistic interfaces},
	Date-Added = {2017-12-06 21:40:50 +0000},
	Date-Modified = {2019-03-27 21:42:27 +0100},
	Editor = {Gillian Ramchand and Charles Reiss},
	Pages = {289-324},
	Publisher = {Oxford: Oxford University Press},
	Title = {Distributed {M}orphology and the syntax--morphology Interface},
	Year = {2007}}

@incollection{EpsteinSeely2002,
	Author = {Samuel Epstein and T. Daniel Seely},
	Booktitle = {Derivation and {Explanation in the Minimalist Program}},
	Date-Added = {2017-12-06 21:40:50 +0000},
	Date-Modified = {2017-12-06 21:40:50 +0000},
	Editor = {Samuel Epstein and T. Daniel Seely},
	Pages = {65-89},
	Publisher = {Oxford: Blackwell},
	Title = {Rule applications as cycles in a level-free syntax},
	Year = {2002}}

@article{FC2001,
	Author = {Hana Filip and Gregory Carlson},
	Date-Added = {2017-12-06 21:40:50 +0000},
	Date-Modified = {2017-12-06 21:40:50 +0000},
	Journal = {Linguistics and Philosophy},
	Number = {4},
	Pages = {417-466},
	Title = {Distributivity Strengthens Reciprocity, Collectivity Weakens It},
	Volume = {24},
	Year = {2001}}

@incollection{Ferna2006,
	Author = {Gerardo Fernandez-Salgueiro},
	Booktitle = {{F}ormal {A}pproaches to {S}lavic {L}inguistics 14},
	Date-Added = {2017-12-06 21:40:50 +0000},
	Date-Modified = {2017-12-06 21:40:50 +0000},
	Editor = {James Lavine and Steven Franks and Mila Tasseva-Kurktchieva and Hana Filip},
	Pages = {129--138},
	Publisher = {Ann Arbor, MI: University of Michigan Press},
	Title = {To move or not to move: on the incompatibility of multiple wh-movement with left-branch extraction in {S}erbo-{C}roatian},
	Year = {2006}}

@incollection{Filip2000,
	Author = {Hana Filip},
	Booktitle = {Events as Grammatical Objects},
	Date-Added = {2017-12-06 21:40:50 +0000},
	Date-Modified = {2017-12-06 21:40:50 +0000},
	Editor = {C. Tenny and J. Pustejovsky},
	Pages = {39-96},
	Publisher = {Stanford, CA: CSLI},
	Title = {The quantization puzzle},
	Year = {2000}}

@misc{FP2003,
	Author = {Danny Fox and David Pesetsky},
	Date-Added = {2017-12-06 21:40:50 +0000},
	Date-Modified = {2017-12-06 21:40:50 +0000},
	Howpublished = {Ms., MIT},
	Title = {Cyclic linearization and the typology of movement},
	Year = {2003}}

@article{FP2005,
	Author = {Danny Fox and David Pesetsky},
	Date-Added = {2017-12-06 21:40:50 +0000},
	Date-Modified = {2017-12-06 21:40:50 +0000},
	Journal = {Theoretical Linguistics},
	Pages = {1--46},
	Title = {Cyclic linearization of syntactic structure},
	Volume = {31},
	Year = {2005}}

@book{Grim90,
	Author = {Jane Grimshaw},
	Date-Added = {2017-12-06 21:40:50 +0000},
	Date-Modified = {2017-12-06 21:40:50 +0000},
	Publisher = {Cambridge, MA: MIT Press},
	Title = {Argument structure},
	Year = {1990}}

@book{Grimshaw1990,
	Author = {Jane Grimshaw},
	Date-Added = {2017-12-06 21:40:50 +0000},
	Date-Modified = {2017-12-06 21:40:50 +0000},
	Publisher = {Cambridge, MA: MIT Press},
	Title = {Argument structure},
	Year = {1990}}

@book{Haider1993,
	Author = {Hubert Haider},
	Date-Added = {2017-12-06 21:40:50 +0000},
	Date-Modified = {2017-12-06 21:40:50 +0000},
	Publisher = {T\"{u}bingen: Narr},
	Title = {Deutsche {S}yntax -- generativ; {V}orstudien zur {T}heorie einer projektiven {G}rammatik},
	Year = {1993}}

@article{HalleMatushansky2006,
	Author = {Morris Halle and Ora Matushansky},
	Date-Added = {2017-12-06 21:40:50 +0000},
	Date-Modified = {2017-12-06 21:40:50 +0000},
	Journal = {Linguistic Inquiry},
	Pages = {351-404},
	Title = {The morphophonology of {R}ussian adjectival inflection},
	Volume = {37},
	Year = {2006}}

@inproceedings{Harley1997,
	Author = {Heidi Harley},
	Booktitle = {Proceedings of {WCCFL} 15},
	Date-Added = {2017-12-06 21:40:50 +0000},
	Date-Modified = {2017-12-06 21:40:50 +0000},
	Editor = {Brian Agbayani and Sze-Wing Tang},
	Pages = {193-207},
	Publisher = {Stanford, {CA}: {CSLI P}ublications},
	Title = {If you HAVE you can GIVE},
	Year = {1997}}

@incollection{Harley2003,
	Author = {Heidi Harley},
	Booktitle = {Linguistic Variation Yearbook},
	Date-Added = {2017-12-06 21:40:50 +0000},
	Date-Modified = {2017-12-06 21:40:50 +0000},
	Editor = {Pierre Pica and Johan Rooryck},
	Pages = {31-70},
	Publisher = {Amsterdam: John Benjamins},
	Title = {Possession and the double object construction},
	Volume = {2},
	Year = {2003}}

@incollection{Harley2009,
	Author = {Heidi Harley},
	Booktitle = {Quantification, Definiteness, and Nominalization},
	Date-Added = {2017-12-06 21:40:50 +0000},
	Date-Modified = {2017-12-06 21:40:50 +0000},
	Editor = {Anastasia Giannakidou and Monika Rathert},
	Pages = {321-343},
	Publisher = {Oxford: Oxford University Press},
	Title = {The morphology of nominalizations and the syntax of the v{P}},
	Year = {2009}}

@article{Heycock1995,
	Author = {Caroline Heycock},
	Date-Added = {2017-12-06 21:40:50 +0000},
	Date-Modified = {2017-12-06 21:40:50 +0000},
	Journal = {Linguistic Inquiry},
	Pages = {547-570},
	Title = {Asymmetries in reconstruction},
	Volume = {25},
	Year = {1995}}

@phdthesis{Hint1999,
	Author = {Roland Hinterh\"{o}lzl},
	Date-Added = {2017-12-06 21:40:50 +0000},
	Date-Modified = {2017-12-06 21:40:50 +0000},
	School = {USC},
	Title = {Restructuring Infinitives and the Theory of Complementation},
	Year = {1999}}

@inproceedings{Hiraiwa2002,
	Author = {Ken Hiraiwa},
	Booktitle = {Proceedings of the 26th Penn Linguistics Colloquium},
	Date-Added = {2017-12-06 21:40:50 +0000},
	Date-Modified = {2017-12-06 21:40:50 +0000},
	Pages = {89-103},
	Publisher = {Philadelphia: University of Pennsylvania},
	Series = {U{P}enn {W}orking {P}apers in {L}inguistics 9.1},
	Title = {Eliminating {PBC}: {M}ultiple {S}pell-Out, Scrambling and the edge operation},
	Year = {2002}}

@incollection{HK1993,
	Author = {Kenneth Hale and Samuel J. Keyser},
	Booktitle = {The view from {B}uilding 20. {E}ssays in linguistics in honor of {S}ylvain {B}romberger},
	Date-Added = {2017-12-06 21:40:50 +0000},
	Date-Modified = {2018-07-09 23:03:45 +0000},
	Editor = {Kenneth Hale and Samuel J. Keyser},
	Pages = {53-108},
	Publisher = {Cambridge, MA: MIT Press},
	Title = {On argument structure and the lexical expression of syntactic relations},
	Year = {1993}}

@book{HK2002,
	Author = {Kenneth Hale and Samuel J. Keyser},
	Date-Added = {2017-12-06 21:40:50 +0000},
	Date-Modified = {2018-07-09 22:04:20 +0000},
	Publisher = {Cambridge, MA: MIT Press},
	Title = {Prolegomenon to a theory of argument structure},
	Year = {2002}}

@incollection{hklevin1999,
	Author = {Jennifer Hay and Christopher Kennedy and Beth Levin},
	Booktitle = {Proceedings of {SALT IX}},
	Date-Added = {2017-12-06 21:40:50 +0000},
	Date-Modified = {2018-08-04 11:42:46 +0000},
	Editor = {Tanya Matthews and Devon Strolovitch},
	Pages = {127-144},
	Publisher = {Ithaca: CLC Publications},
	Title = {Scalar structure underlies telicity in `degree achievements'},
	Year = {1999}}

@article{Hoof2003,
	Author = {Hanneke van Hoof},
	Date-Added = {2017-12-06 21:40:50 +0000},
	Date-Modified = {2017-12-06 21:40:50 +0000},
	Journal = {Linguistics},
	Pages = {515--563},
	Title = {The rise in the rise-fall contour: does it evoke a contrastive {T}opic or a contrastive {F}ocus?},
	Volume = {41},
	Year = {2003}}

@inproceedings{Horn1980,
	Author = {Laurence Horn},
	Booktitle = {Papers from the 16th meeting of the {C}hicago {L}inguistic {S}ociety},
	Date-Added = {2017-12-06 21:40:50 +0000},
	Date-Modified = {2017-12-06 21:40:50 +0000},
	Pages = {134-146},
	Title = {Affixation and the {U}naccusative {H}ypothesis},
	Year = {1980}}

@incollection{HulstSmith,
	Author = {Harry van der Hulst and Norval Smith},
	Booktitle = {Linguistics in the Netherlands 1987},
	Date-Added = {2017-12-06 21:40:50 +0000},
	Date-Modified = {2017-12-06 21:40:50 +0000},
	Editor = {F. Beukema and P. Coopmans},
	Pages = {81-90},
	Publisher = {Dordrecht: Foris},
	Title = {Vowel harmony in Khalkha and Buriat (East Mongolian)},
	Year = {1987}}

@book{Isac1960,
	Author = {Alexander Isa\u{c}enko},
	Date-Added = {2017-12-06 21:40:50 +0000},
	Date-Modified = {2017-12-06 21:40:50 +0000},
	Publisher = {Bratislava: Vydavatelstvo Slovenskej Akad\'emie Vied},
	Title = {Grammati\u{c}eskij stroj russkogo jazyka. {M}orfologija},
	Year = {1960}}

@article{Jablonska2004,
	Author = {Patrycja Jab\l{}o\'nska},
	Date-Added = {2017-12-06 21:40:50 +0000},
	Date-Modified = {2018-12-17 02:13:46 +0100},
	Doi = {10.7557/12.73},
	Journal = {Nordlyd},
	Number = {2},
	Pages = {363--401},
	Title = {When the prefixes meet the suffixes},
	Volume = {32},
	Year = {2004},
	Bdsk-Url-1 = {https://doi.org/10.7557/12.73}}

@phdthesis{Jablonska2007,
	Author = {Patrycja Jab\l{}o\'nska},
	Date-Added = {2017-12-06 21:40:50 +0000},
	Date-Modified = {2018-07-17 01:11:39 +0000},
	School = {CASTL/ University of Troms{\o}},
	Title = {Radical decomposition and argument structure},
	Year = {2007}}

@incollection{Jablonska2008,
	Author = {Patrycja Jab\l{}o\'nska},
	Booktitle = {Scales},
	Date-Added = {2017-12-06 21:40:50 +0000},
	Date-Modified = {2017-12-06 21:40:50 +0000},
	Editor = {Marc Richards and Andrej Malchukov},
	Pages = {221-245},
	Read = {1},
	Series = {\textit{Linguistische Arbeits Berichte} 86},
	Title = {Silverstein's {H}ierarchy and {P}olish argument structure},
	Year = {2008}}

@book{Jackendoff1990,
	Author = {Ray Jackendoff},
	Date-Added = {2017-12-06 21:40:50 +0000},
	Date-Modified = {2017-12-06 21:40:50 +0000},
	Publisher = {Cambridge, MA: MIT Press},
	Title = {Semantic structures},
	Year = {1990}}

@article{Kayne1998,
	Author = {Richard Kayne},
	Date-Added = {2017-12-06 21:40:50 +0000},
	Date-Modified = {2017-12-06 21:40:50 +0000},
	Journal = {Syntax},
	Number = {2},
	Pages = {128--191},
	Title = {Overt vs. covert movement},
	Volume = {1},
	Year = {1998}}

@article{kennedymcnally2005,
	Author = {Christopher Kennedy and Louise McNally},
	Date-Added = {2017-12-06 21:40:50 +0000},
	Date-Modified = {2017-12-06 21:40:50 +0000},
	Journal = {Language},
	Number = {2},
	Pages = {345-381},
	Title = {{Scale Structure, Degree Modification, and the Semantics of Gradable Predicates}},
	Volume = {81},
	Year = {2005}}

@incollection{Kiparsky1973,
	Author = {Paul Kiparsky},
	Booktitle = {A {F}estschrift for {M}orris {H}alle},
	Date-Added = {2017-12-06 21:40:50 +0000},
	Date-Modified = {2017-12-06 21:40:50 +0000},
	Editor = {Paul Kiparsky and Stephen R. Anderson},
	Pages = {93-106},
	Publisher = {New York: Holt, Rienhart and Winston},
	Title = {Elsewhere in phonology},
	Year = {1973}}

@incollection{Kiparsky1997,
	Author = {Paul Kiparsky},
	Booktitle = {Complex predicates},
	Date-Added = {2017-12-06 21:40:50 +0000},
	Date-Modified = {2017-12-06 21:40:50 +0000},
	Editor = {Alex Alsina and Joan Bresnan and Peter Sells},
	Pages = {473-499},
	Publisher = {Stanford, {CA}: {CSLI}},
	Title = {Remarks on denominal verbs},
	Year = {1997}}

@article{Kiss1998,
	Author = {Katalin Kiss},
	Date-Added = {2017-12-06 21:40:50 +0000},
	Date-Modified = {2017-12-06 21:40:50 +0000},
	Journal = {Language},
	Pages = {245--273},
	Title = {Identificational {F}ocus Versus Information {F}ocus},
	Volume = {74},
	Year = {1998}}

@phdthesis{Ko2005,
	Author = {Heejeong Ko},
	Date-Added = {2017-12-06 21:40:50 +0000},
	Date-Modified = {2017-12-06 21:40:50 +0000},
	School = {MIT},
	Title = {Syntactic edges and linearization},
	Year = {2005}}

@incollection{Koopman2000,
	Author = {Hilda Koopman},
	Booktitle = {The Syntax of Specifiers and Heads},
	Date-Added = {2017-12-06 21:40:50 +0000},
	Date-Modified = {2017-12-06 21:40:50 +0000},
	Editor = {Hilda Koopman},
	Pages = {204-260},
	Publisher = {London: Routledge},
	Title = {Prepositions, postpositions, circumpositions, and particles},
	Year = {2000}}

@book{KoopSzabo2000,
	Author = {Hilda Koopman and Anna Szabolcsi},
	Date-Added = {2017-12-06 21:40:50 +0000},
	Date-Modified = {2017-12-06 21:40:50 +0000},
	Publisher = {Cambridge, MA: MIT Press},
	Title = {Verbal Complexes},
	Year = {2000}}

@incollection{Kratzer1996,
	Author = {Angelika Kratzer},
	Booktitle = {Phrase Structure and the Lexicon},
	Date-Added = {2017-12-06 21:40:50 +0000},
	Date-Modified = {2017-12-06 21:40:50 +0000},
	Editor = {Johan Rooryck and Laurie Zaring},
	Pages = {109-138},
	Publisher = {Kluwer: Dordrecht},
	Title = {Severing the External Argument from its Verb},
	Year = {1996}}

@phdthesis{Kucerova2007,
	Author = {Ivona Kucerova},
	Date-Added = {2017-12-06 21:40:50 +0000},
	Date-Modified = {2017-12-06 21:40:50 +0000},
	School = {MIT},
	Title = {The syntax of givenness},
	Year = {2007}}

@book{Lambrecht1994,
	Author = {Knud Lambrecht},
	Date-Added = {2017-12-06 21:40:50 +0000},
	Date-Modified = {2017-12-06 21:40:50 +0000},
	Publisher = {Oxford: Oxford University Press},
	Title = {Information structure and sentence form},
	Year = {1994}}

@article{Larson1988,
	Author = {Richard Larson},
	Date-Added = {2017-12-06 21:40:50 +0000},
	Date-Modified = {2017-12-06 21:40:50 +0000},
	Journal = {Linguistic Inquiry},
	Pages = {335--391},
	Title = {On the double object construction},
	Volume = {19},
	Year = {1988}}

@book{Larson2014,
	Author = {Richard Larson},
	Date-Added = {2017-12-06 21:40:50 +0000},
	Date-Modified = {2017-12-06 21:40:50 +0000},
	Publisher = {London: Routledge},
	Title = {On shell structure},
	Year = {2014}}

@book{LevinandRapp1995,
	Author = {Beth Levin and Malka {Rappaport Hovav}},
	Date-Added = {2017-12-06 21:40:50 +0000},
	Date-Modified = {2017-12-06 21:40:50 +0000},
	Publisher = {Cambridge, MA: MIT Press},
	Title = {Unaccusativity: {A}t the Syntax-Semantics Interface},
	Year = {1995}}

@book{Lieber2004,
	Author = {Rochelle Lieber},
	Date-Added = {2017-12-06 21:40:50 +0000},
	Date-Modified = {2017-12-06 21:40:50 +0000},
	Publisher = {Cambridge, UK: Cambridge University Press},
	Title = {Morphology and lexical semantics},
	Year = {2004}}

@book{Lubanska2005,
	Author = {Maja Luba{\'n}ska},
	Date-Added = {2017-12-06 21:40:50 +0000},
	Date-Modified = {2017-12-06 21:40:50 +0000},
	Publisher = {Frankfurt am Main: Peter Lang},
	Title = {Focus on wh-questions},
	Year = {2005}}

@phdthesis{Lundquist2008,
	Author = {Bj{\"o}rn Lundquist},
	Date-Added = {2017-12-06 21:40:50 +0000},
	Date-Modified = {2017-12-06 21:40:50 +0000},
	School = {University of Troms\o},
	Title = {Nominalizations and Participles in {S}wedish},
	Year = {2008}}

@article{Mahajan2001,
	Author = {Anoop Mahajan},
	Date-Added = {2017-12-06 21:40:50 +0000},
	Date-Modified = {2017-12-06 21:40:50 +0000},
	Journal = {GLOW Newsletter},
	Pages = {44-45},
	Title = {Eliminating head-movement},
	Volume = {44},
	Year = {2001}}

@incollection{Mahajan2003,
	Author = {Anoop Mahajan},
	Booktitle = {Word order and scrambling},
	Date-Added = {2017-12-06 21:40:50 +0000},
	Date-Modified = {2017-12-06 21:40:50 +0000},
	Editor = {Simin Karimi},
	Pages = {217-237},
	Publisher = {Oxford: Blackwell},
	Title = {Word order and (remnant) {VP} movement},
	Year = {2003}}

@incollection{Marantz1997,
	Author = {Alec Marantz},
	Booktitle = {Proceedings of the 21st {A}nnual {P}enn {L}inguistics {C}olloquium},
	Date-Added = {2017-12-06 21:40:50 +0000},
	Date-Modified = {2017-12-06 21:40:50 +0000},
	Editor = {Alexis Dimitriadis and Laura Siegel and Clarissa Surek-Clark and Alexander Williams},
	Pages = {201--225},
	Publisher = {University of Pennsylvania, Penn Linguistics Club},
	Series = {Pennsylvania Working Papers in Linguistics 4.2},
	Title = {No escape from syntax: {D}on't try morphological analysis in the privacy of your own lexicon},
	Year = {1997}}

@unpublished{Marantz2006,
	Author = {Alec Marantz},
	Date-Added = {2017-12-06 21:40:50 +0000},
	Date-Modified = {2017-12-06 21:40:50 +0000},
	Note = {Ms, {NYU}},
	Title = {Restitutive re- and the first phase syntax/semantics of the {VP}},
	Year = {2006}}

@inproceedings{markman2008,
	Author = {Vita G. Markman},
	Booktitle = {Proceedings of the 31st {Annual Penn Linguistics Colloquium. University of Pennsylvania Working Papers in Linguistics}},
	Date-Added = {2017-12-06 21:40:50 +0000},
	Date-Modified = {2017-12-06 21:40:50 +0000},
	Journal = {University of Pennsylvania Working Papers in Linguistics},
	Number = {1},
	Pages = {255-268},
	Title = {On {S}lavic semelfactives and secondary imperfectives: {I}mplications for the split {`AspP'}},
	Volume = {14},
	Year = {2008}}

@article{Mcclosk2000,
	Author = {James Mc{C}loskey},
	Date-Added = {2017-12-06 21:40:50 +0000},
	Date-Modified = {2017-12-06 21:40:50 +0000},
	Journal = {Linguistic Inquiry},
	Pages = {57--84},
	Title = {Quantifier float and wh-movement in an {I}rish {E}nglish},
	Volume = {31},
	Year = {2000}}

@incollection{McCloskey1996,
	Author = {James Mc{C}loskey},
	Booktitle = {The Syntax of the {C}eltic Languages; {A} Comparative Perspective},
	Date-Added = {2017-12-06 21:40:50 +0000},
	Date-Modified = {2017-12-06 21:40:50 +0000},
	Editor = {Robert Borsley and Ian Roberts},
	Pages = {241--283},
	Publisher = {Cambridge, UK: Cambridge University Press},
	Title = {Subjects and subject positions in {I}rish},
	Year = {1996}}

@incollection{Mcginnis2001,
	Author = {Martha Mc{G}innis},
	Booktitle = {Proceedings of {NELS 31}},
	Date-Added = {2017-12-06 21:40:50 +0000},
	Date-Modified = {2017-12-06 21:40:50 +0000},
	Editor = {Minjoo Kim and Uri Strauss},
	Pages = {333--349},
	Publisher = {University of Massachusetts: GLSA},
	Title = {Phases and the syntax of applicatives},
	Year = {2001}}

@incollection{McIntyre2017,
	Author = {Andrew McIntyre},
	Booktitle = {Word-Formation: {A}n International Hanbook of the Languages of {E}urope},
	Date-Added = {2017-12-06 21:40:50 +0000},
	Date-Modified = {2017-12-06 21:40:50 +0000},
	Editor = {Peter M\"uller and Ingeborg Ohnheiser and Susan Olsen and Franz Rainer},
	Publisher = {Berlin: Mouton de Gruyter},
	Title = {Denominal verbs},
	Year = {to appear}}

@phdthesis{Medova2008,
	Author = {Lucie Medov\'a},
	Date-Added = {2017-12-06 21:40:50 +0000},
	Date-Modified = {2017-12-06 21:40:50 +0000},
	School = {Princeton University},
	Title = {Reflexive clitics in {S}lavic and {R}omance},
	Year = {2009}}

@incollection{MedovaTaraldsen2007,
	Author = {Lucie Medov\'a and Tarald Taraldsen},
	Booktitle = {Czech in generative grammar},
	Date-Added = {2017-12-06 21:40:50 +0000},
	Date-Modified = {2017-12-06 21:40:50 +0000},
	Editor = {Mojm\'ir Do\v{c}ekal and Mark\'eta Zikov\'a and Jana Zmrzl\'ikov\'a},
	Pages = {119-138},
	Publisher = {LINCOM: Munich},
	Title = {1, 2, SE.},
	Year = {2007}}

@book{Migdalski2006,
	Author = {Krzysztof Migdalski},
	Date-Added = {2017-12-06 21:40:50 +0000},
	Date-Modified = {2017-12-06 21:40:50 +0000},
	Publisher = {LOT dissertation series.},
	Title = {The syntax of compound tenses in {S}lavic},
	Year = {2006}}

@incollection{Neelemanetal2009,
	Author = {Ad Neeleman and Elena Titov and Hans van de Koot and Reiko Vermeulen},
	Booktitle = {Alternatives to {C}artography},
	Date-Added = {2017-12-06 21:40:50 +0000},
	Date-Modified = {2017-12-06 21:40:50 +0000},
	Editor = {Jeroen van Craenenbroeck},
	Pages = {15-51},
	Publisher = {Berlin: Mouton de Gruyter},
	Title = {A syntactic typology of topic, focus and contrast},
	Year = {2009}}

@article{NeelemanKoot2008,
	Author = {Ad Neeleman and Hans van de Koot},
	Date-Added = {2017-12-06 21:40:50 +0000},
	Date-Modified = {2017-12-06 21:40:50 +0000},
	Journal = {Journal of Comparative Germanic LinguisticsJ},
	Number = {11},
	Pages = {137-189},
	Title = {Dutch scrambling and the nature of discourse templates},
	Year = {2008}}

@article{NeelemanSzendroi2007,
	Author = {Ad Neeleman and Krista Szendr\H{o}i},
	Date-Added = {2017-12-06 21:40:50 +0000},
	Date-Modified = {2019-04-10 02:47:23 +0200},
	Doi = {10.1162/ling.2007.38.4.671},
	Journal = {Linguistic Inquiry},
	Number = {4},
	Pages = {671-714},
	Title = {Radical pro-drop and the morphology of pronouns},
	Volume = {38},
	Year = {2007},
	Bdsk-Url-1 = {https://doi.org/10.1162/ling.2007.38.4.671}}

@incollection{NeelemanVermeulen2012,
	Author = {Ad Neeleman and Reiko Vermeulen},
	Booktitle = {The syntax of {T}opic, {F}ocus, and {C}ontrast; {A}n interface-based approach},
	Date-Added = {2017-12-06 21:40:50 +0000},
	Date-Modified = {2017-12-06 21:40:50 +0000},
	Editor = {Ad Neeleman and Reiko Vermeulen},
	Pages = {1-38},
	Publisher = {De Gruyter Mouton},
	Title = {The syntactic expression of information structure},
	Year = {2012}}

@incollection{NH2009,
	Author = {Morris Halle and Andrew Nevins},
	Booktitle = {Contemporary views on architecture and representations in phonology},
	Date-Added = {2017-12-06 21:40:50 +0000},
	Date-Modified = {2018-08-04 22:06:40 +0000},
	Editor = {Eric Raimy and Charles Cairns},
	Pages = {355-382},
	Publisher = {Cambridge, MA: MIT Press},
	Title = {Rule application in phonology},
	Year = {2009}}

@book{Nilsen2003,
	Author = {{\O}ystein Nilsen},
	Date-Added = {2017-12-06 21:40:50 +0000},
	Date-Modified = {2017-12-06 21:40:50 +0000},
	Publisher = {Utrecht: LOT dissertation series},
	Title = {Eliminating positions: {S}yntax and semantics of sentence modification},
	Year = {2003}}

@incollection{Norvin1999,
	Author = {Norvin Richards},
	Booktitle = {Working minimalism},
	Date-Added = {2017-12-06 21:40:50 +0000},
	Date-Modified = {2017-12-06 21:40:50 +0000},
	Editor = {Samuel Epstein and Norbert Hornstein},
	Pages = {127--158},
	Publisher = {Cambridge, MA: MIT Press},
	Title = {Featural cyclicity and the ordering of multiple specifiers},
	Year = {1999}}

@book{Norvin2001,
	Author = {Norvin Richards},
	Date-Added = {2017-12-06 21:40:50 +0000},
	Date-Modified = {2019-03-28 01:11:08 +0100},
	Publisher = {Oxford: Oxford University Press},
	Title = {Movement in language. {I}nteractions and architectures},
	Year = {2001}}

@article{Perel2007,
	Author = {Asya Pereltsvaig},
	Date-Added = {2017-12-06 21:40:50 +0000},
	Date-Modified = {2017-12-06 21:40:50 +0000},
	Journal = {Studia Linguistica},
	Pages = {59--94},
	Title = {The universality of the {DP}: the view from {R}ussian},
	Volume = {61},
	Year = {2007}}

@book{Pesetsky1995,
	Author = {David Pesetsky},
	Date-Added = {2017-12-06 21:40:50 +0000},
	Date-Modified = {2017-12-06 21:40:50 +0000},
	Publisher = {Cambridge, MA: MIT Press},
	Title = {Zero syntax: {Experiencers and cascades}},
	Year = {1995}}

@book{Pietroski2006,
	Author = {Paul M. Pietroski},
	Date-Added = {2017-12-06 21:40:50 +0000},
	Date-Modified = {2017-12-06 21:40:50 +0000},
	Publisher = {Oxford: Oxford University Press},
	Title = {Events and semantic architecture},
	Year = {2006}}

@incollection{Plank1991,
	Author = {Frans Plank},
	Booktitle = {Paradigms: {T}he economy of inflection},
	Date-Added = {2017-12-06 21:40:50 +0000},
	Date-Modified = {2017-12-06 21:40:50 +0000},
	Editor = {Frans Plank},
	Pages = {161-196},
	Publisher = {Berlin: Mouton de Gruyter},
	Title = {Rasmus {R}ask's dillema},
	Year = {1991}}

@article{Ramchand04,
	Author = {Gillian Ramchand},
	Date-Added = {2017-12-06 21:40:50 +0000},
	Date-Modified = {2017-12-06 21:40:50 +0000},
	Journal = {Nordlyd},
	Pages = {323-361},
	Title = {Time and the event: the semantics of {R}ussian prefixes},
	Volume = {32},
	Year = {2004}}

@book{Ramchand08,
	Author = {Gillian Ramchand},
	Date-Added = {2017-12-06 21:40:50 +0000},
	Date-Modified = {2019-03-28 01:10:02 +0100},
	Publisher = {Cambridge, UK: Cambridge University Press},
	Title = {Verb meaning and the lexicon. {A} first phase syntax},
	Year = {2008}}

@book{Reinhart2006,
	Author = {Tanya Reinhart},
	Date-Added = {2017-12-06 21:40:50 +0000},
	Date-Modified = {2017-12-06 21:40:50 +0000},
	Publisher = {Cambridge, MA: MIT Press},
	Title = {Interface strategies},
	Year = {2006}}

@article{Richards2001,
	Author = {Norvin Richards},
	Date-Added = {2017-12-06 21:40:50 +0000},
	Date-Modified = {2019-03-28 01:11:21 +0100},
	Doi = {10.1162/002438901554649},
	Journal = {Linguistic Inquiry},
	Number = {1},
	Pages = {183-192},
	Title = {An idiomatic argument for lexical decomposition},
	Volume = {32},
	Year = {2001},
	Bdsk-Url-1 = {https://doi.org/10.1162/002438901554649}}

@book{Rizzi1982,
	Author = {Luigi Rizzi},
	Date-Added = {2017-12-06 21:40:50 +0000},
	Date-Modified = {2017-12-06 21:40:50 +0000},
	Publisher = {Dordrecht: Foris},
	Title = {Issues in {I}talian syntax},
	Year = {1982}}

@incollection{Rizzi1997,
	Author = {Luigi Rizzi},
	Booktitle = {Elements of Grammar; {A} Handbook in Generative Syntax},
	Date-Added = {2017-12-06 21:40:50 +0000},
	Date-Modified = {2017-12-06 21:40:50 +0000},
	Editor = {Liliane Haegeman},
	Pages = {271--337},
	Publisher = {Dordrecht: Kluwer},
	Title = {The fine structure of the left periphery},
	Year = {1997}}

@incollection{Rizzi2007,
	Author = {Luigi Rizzi},
	Booktitle = {{CISCL W}orking {P}apers on {L}anguage and {C}ognition},
	Date-Added = {2017-12-06 21:40:50 +0000},
	Date-Modified = {2019-05-06 00:05:33 +0200},
	Editor = {Vincenzo Moscati},
	Pages = {145--158},
	Publisher = {Universit{\`a} degli studi di {S}iena},
	Title = {On some properties of {C}riterial {F}reezing},
	Year = {2007}}

@article{Romanova2004,
	Author = {Eugenia Romanova},
	Date-Added = {2017-12-06 21:40:50 +0000},
	Date-Modified = {2017-12-06 21:40:50 +0000},
	Journal = {Nordlyd},
	Number = {2},
	Pages = {255-278},
	Title = {Superlexical vs. lexical prefixes},
	Volume = {32},
	Year = {2004}}

@inproceedings{Ross1972,
	Author = {Ross, John Robert},
	Booktitle = {Papers from the eight regional meeting of the {C}hicago {L}inguistic {S}ociety},
	Date-Added = {2017-12-06 21:40:50 +0000},
	Date-Modified = {2017-12-06 21:40:50 +0000},
	Editor = {J. N. Levi and P.M. Peranteau and G. C. Phares},
	Pages = {316-328},
	Publisher = {University of Chicago},
	Title = {Endstation hauptwort: {T}he category squish},
	Year = {1972}}

@incollection{Ross1976,
	Author = {John Robert Ross},
	Booktitle = {Linguistics and literary studies in honor of {A}rchibald {A. H}ill},
	Date-Added = {2017-12-06 21:40:50 +0000},
	Date-Modified = {2017-12-06 21:40:50 +0000},
	Editor = {M.A. Jazayery and E.C. Polom\'e and W. Winter},
	Pages = {263-270},
	Publisher = {The Hague: Mouton},
	Title = {To have `have' and not to have `have'},
	Year = {1976}}

@book{rothstein2004,
	Author = {Susan Rothstein},
	Date-Added = {2017-12-06 21:40:50 +0000},
	Date-Modified = {2018-08-04 22:14:57 +0000},
	Publisher = {Oxford: Blackwell},
	Title = {Structuring events. {A} study in the semantics of lexical aspect},
	Year = {2004}}

@incollection{rothstein2008,
	Author = {Susan Rothstein},
	Booktitle = {Event Structures in Linguistic Form and Interpretation},
	Date-Added = {2017-12-06 21:40:50 +0000},
	Date-Modified = {2017-12-06 21:40:50 +0000},
	Editor = {J. D\"oling and T. Heyde-Zybatow and M. Shaefer},
	Pages = {175-198},
	Publisher = {Berlin: Mouton de Gruyter},
	Title = {Two puzzles for the theory of lexical aspect: semelfactives and degree achievements},
	Year = {2008}}

@article{RubachPSiCL,
	Author = {Jerzy Rubach},
	Date-Added = {2017-12-06 21:40:50 +0000},
	Date-Modified = {2017-12-06 21:40:50 +0000},
	Journal = {Pozna\'n Studies in Contemporary Linguistics},
	Pages = {239-268},
	Title = {Perspectives on {P}olish palatalization},
	Volume = {42},
	Year = {2006}}

@article{Rudin88,
	Author = {Catherine Rudin},
	Date-Added = {2017-12-06 21:40:50 +0000},
	Date-Modified = {2017-12-06 21:40:50 +0000},
	Journal = {Natural Language and Linguistic Theory},
	Pages = {445--501},
	Title = {On multiple questions and multiple wh-fronting},
	Volume = {6},
	Year = {1988}}

@phdthesis{Rutk2007,
	Author = {Pawe{\l} Rutkowski},
	Date-Added = {2017-12-06 21:40:50 +0000},
	Date-Modified = {2017-12-06 21:40:50 +0000},
	School = {University of Warsaw},
	Title = {Hipoteza frazy przedimkowej jako narz{\k e}dzie opisu sk{\l}adniowego polskich grup imiennych. [{T}he {D}eterminer {P}hrase hypothesis as a tool of syntactic analysis of {P}olish nominal phrases]},
	Year = {2007}}

@incollection{Safir2016,
	Author = {Ken Safir},
	Booktitle = {Blackwell {C}ompanion to {S}yntax},
	Date-Added = {2017-12-06 21:40:50 +0000},
	Date-Modified = {2017-12-06 21:40:50 +0000},
	Editor = {Martin Everaert and Henk van Riemsdijk},
	Publisher = {Oxford: Blackwell},
	Title = {Weak cross-over},
	Year = {in press}}

@inproceedings{Simik2016,
	Author = {Radek \v{S}imik},
	Booktitle = {{Proceedings of Sinn und Bedeutung 20}},
	Date-Added = {2017-12-06 21:40:50 +0000},
	Date-Modified = {2017-12-06 21:40:50 +0000},
	Editor = {Nadine Bade and Polina Berezovskaya and Anthea Sch\"oller},
	Pages = {640-657},
	Title = {On pragmatic demonstratives: {T}he case of pragmatic discourse anaphora in {Czech}},
	Year = {2016}}

@incollection{Sliouss06,
	Author = {Natalia Slioussar},
	Booktitle = {Ui{L} {OTS Y}earbook},
	Date-Added = {2017-12-06 21:40:50 +0000},
	Date-Modified = {2017-12-06 21:40:50 +0000},
	Editor = {Cem Keskin},
	Publisher = {Utrecht: Utrecht University},
	Title = {Mysterious nature of the {R}ussian {EPP}},
	Year = {2006}}

@phdthesis{Starke2001,
	Author = {Michal Starke},
	Date-Added = {2017-12-06 21:40:50 +0000},
	Date-Modified = {2017-12-06 21:40:50 +0000},
	School = {University of Geneva},
	Title = {Move dissolves into {M}erge; {A} theory of locality},
	Year = {2001}}

@incollection{Starke2004,
	Author = {Michal Starke},
	Booktitle = {Structures and beyond},
	Date-Added = {2017-12-06 21:40:50 +0000},
	Date-Modified = {2019-05-06 00:17:29 +0200},
	Editor = {Adriana Belletti},
	Number = {3},
	Pages = {252-268},
	Publisher = {New York: Oxford University Press},
	Series = {The cartography of syntactic structures },
	Title = {On the inexistence of specifiers and the nature of heads},
	Year = {2004}}

@unpublished{Starke2005,
	Author = {Michal Starke},
	Date-Added = {2017-12-06 21:40:50 +0000},
	Date-Modified = {2017-12-06 21:40:50 +0000},
	Note = {CASTL/Troms{\o} University},
	Title = {Nanoyntax class lectures.},
	Year = {2005}}

@unpublished{Starke2006,
	Author = {Michal Starke},
	Date-Added = {2017-12-06 21:40:50 +0000},
	Date-Modified = {2018-08-07 20:29:56 +0000},
	Note = {Lectures at the 13th {EGG} summer school, {O}lomouc},
	Title = {The nanosyntax of participles},
	Year = {2006}}

@article{Starke2009,
	Author = {Michal Starke},
	Date-Added = {2017-12-06 21:40:50 +0000},
	Date-Modified = {2019-04-10 02:51:39 +0200},
	Doi = {10.7557/12.213},
	Journal = {Nordlyd},
	Number = {1},
	Pages = {1-6},
	Title = {Nanosyntax: {A} short primer to a new approach to language},
	Volume = {36},
	Year = {2009},
	Bdsk-Url-1 = {https://doi.org/10.7557/12.213}}

@incollection{Starke2014,
	Author = {Michal Starke},
	Booktitle = {Linguistic variation in the {M}inimalist framework},
	Date-Added = {2017-12-06 21:40:50 +0000},
	Date-Modified = {2019-04-10 02:52:09 +0200},
	Editor = {{M. Carme} Picallo},
	Pages = {140-152},
	Publisher = {Oxford: Oxford University Press},
	Title = {Towards elegant parameters: {L}anguage variation reduces to the size of lexically stored trees},
	Year = {2014}}

@article{Stech1996,
	Author = {Arnim von Stechow},
	Date-Added = {2017-12-06 21:40:50 +0000},
	Date-Modified = {2017-12-06 21:40:50 +0000},
	Journal = {Journal of Semantics},
	Number = {2},
	Pages = {87-138},
	Title = {The different readings of `wieder'/`again': a structural account},
	Volume = {13},
	Year = {1996}}

@article{Stjepanovic2003,
	Author = {Sandra Stjepanovi{\'c}},
	Date-Added = {2017-12-06 21:40:50 +0000},
	Date-Modified = {2017-12-06 21:40:50 +0000},
	Journal = {Linguistic Variation Yearbook},
	Pages = {139-177},
	Title = {A word order paradox resolved by copy deletion at {PF}},
	Volume = {3},
	Year = {2003}}

@book{Stoyanova2008,
	Author = {Marina Stoyanova},
	Date-Added = {2017-12-06 21:40:50 +0000},
	Date-Modified = {2017-12-06 21:40:50 +0000},
	Publisher = {Amsterdam: John Benjamins},
	Title = {Unique {F}ocus; {L}anguages without multiple wh-questions},
	Year = {2008}}

@article{Sven2004b,
	Author = {Peter Svenonius},
	Date-Added = {2017-12-06 21:40:50 +0000},
	Date-Modified = {2019-03-03 22:31:55 +0100},
	Doi = {10.7557/12.68},
	Journal = {Nordlyd},
	Number = {2},
	Pages = {205--253},
	Title = {Slavic prefixes inside and outside the {VP}},
	Volume = {32},
	Year = {2004},
	Bdsk-Url-1 = {https://doi.org/10.7557/12.68}}

@article{Sven2005,
	Author = {Peter Svenonius},
	Date-Added = {2017-12-06 21:40:50 +0000},
	Date-Modified = {2017-12-06 21:40:50 +0000},
	Journal = {Linguistic Variation Yearbook},
	Pages = {227--263},
	Title = {Extending the {E}xtension {C}ondition to discontinuous idioms},
	Volume = {5},
	Year = {2005}}

@unpublished{Sven2005a,
	Author = {Peter Svenonius},
	Date-Added = {2017-12-06 21:40:50 +0000},
	Date-Modified = {2017-12-06 21:40:50 +0000},
	Month = {April},
	Note = {Paper presented at the 36th {P}ozna\'n {L}inguistic {M}eeting, {U}niversity of {P}ozna\'n},
	Title = {Russian Prefixes and Domain Boundaries},
	Year = {2005}}

@incollection{Sven2008,
	Author = {Peter Svenonius},
	Booktitle = {Syntax and semantics of spacial {P}},
	Date-Added = {2017-12-06 21:40:50 +0000},
	Date-Modified = {2017-12-06 21:40:50 +0000},
	Editor = {Anna Asbury and Jakub Dotlacil and Berit Gehrke and Rick Nouwen},
	Pages = {63-84},
	Publisher = {Amsterdam: John Benjamins},
	Title = {Projections of {P}},
	Year = {2008}}

@incollection{Szczeg1999,
	Author = {Adam Szczegielniak},
	Booktitle = {Papers on {M}orphology and {S}yntax, {C}ycle {O}ne},
	Date-Added = {2017-12-06 21:40:50 +0000},
	Date-Modified = {2017-12-06 21:40:50 +0000},
	Editor = {Karlos Arregi and Benjamin Bruening and Cornelia Krause and Vivian Lin},
	Pages = {369--393},
	Publisher = {Cambridge, MA: MITWPiL},
	Series = {MIT Working Papers in Linguistics 33},
	Title = {That-t effects cross-linguistically and successive cyclic movement},
	Year = {1999}}

@article{Taraldsen2010,
	Author = {Tarald Taraldsen},
	Date-Added = {2017-12-06 21:40:50 +0000},
	Date-Modified = {2018-12-17 03:05:27 +0100},
	Doi = {10.1016/j.lingua.2009.10.004},
	Journal = {Lingua},
	Number = {6},
	Pages = {1522-1548},
	Title = {The nanosyntax of {N}guni noun class prefixes and concords},
	Volume = {120},
	Year = {2010},
	Bdsk-Url-1 = {https://doi.org/10.1016/j.lingua.2009.10.004}}

@incollection{Taraldsen2010b,
	Author = {Knut Tarald Taraldsen},
	Booktitle = {Argument Structure and Syntactic Relations: {A} cross-linguistic perspective},
	Date-Added = {2017-12-06 21:40:50 +0000},
	Date-Modified = {2017-12-06 21:40:50 +0000},
	Editor = {Maia Duguine and Susana Huidobro and Nerea Madariaga},
	Pages = {283--302},
	Publisher = {Amsterdam: John Benjamins},
	Title = {Unintentionally out of control},
	Year = {2010}}

@unpublished{TaraldsenNELS,
	Author = {Tarald Taraldsen},
	Date-Added = {2017-12-06 21:40:50 +0000},
	Date-Modified = {2018-04-26 16:57:08 +0000},
	Month = {October},
	Note = {Handout for a talk given at the 43rd annual meeting of the {N}orth {E}ast {L}inguistic {S}ociety {(NELS), The City University of New York, October 19}},
	Title = {Modeling the {N}eighborhood {H}ypothesis for syncretisms},
	Year = {2012}}

@incollection{Taraldsen2017,
	Author = {Tarald Taraldsen},
	Booktitle = {Exploring {N}anosyntax},
	Date-Added = {2017-12-06 21:40:50 +0000},
	Date-Modified = {2017-12-06 21:40:50 +0000},
	Editor = {Lena Baunaz and Karen De Clercq and Liliane Haegeman and Eric Lander},
	Publisher = {New York: Oxford University Press},
	Title = {Spanning vs. constituent lexicalization: {T}he case of portmanteau prefixes},
	Year = {2017}}

@incollection{Titov2012,
	Author = {Elena Titov},
	Booktitle = {The syntax of {T}opic, {F}ocus, and {C}ontrast; {A}n interface-based approach},
	Date-Added = {2017-12-06 21:40:50 +0000},
	Date-Modified = {2017-12-06 21:40:50 +0000},
	Editor = {Ad Neeleman and Reiko Vermeulen},
	Pages = {119-156},
	Publisher = {De Gruyter Mouton},
	Title = {Encoding {F}ocus and {C}ontrast in {R}ussian},
	Year = {2012}}

@unpublished{Torrego1985,
	Author = {Esther Torrego},
	Date-Added = {2017-12-06 21:40:50 +0000},
	Date-Modified = {2019-03-28 01:31:31 +0100},
	Note = {Manuscript, University of Massachusetts, Boston},
	Title = {On empty categories in nominals},
	Year = {1985}}

@book{towjand,
	Author = {Charles Townsend and Laura Janda},
	Date-Added = {2017-12-06 21:40:50 +0000},
	Date-Modified = {2019-05-06 00:18:56 +0200},
	Publisher = {Columbus: Slavica Publishers},
	Title = {Common and comparative {S}lavic: {P}honology and inflection},
	Year = {1996}}

@article{valin90,
	Author = {Robert {Van Valin}},
	Date-Added = {2017-12-06 21:40:50 +0000},
	Date-Modified = {2017-12-06 21:40:50 +0000},
	Journal = {Language},
	Pages = {221--260},
	Title = {Semantic parameters of split intransivity},
	Volume = {66},
	Year = {1990}}

@article{Vangsnes2013,
	Author = {{\O}ystein Vangsnes},
	Date-Added = {2017-12-06 21:40:50 +0000},
	Date-Modified = {2018-12-17 03:02:50 +0100},
	Doi = {10.1016/j.langsci.2012.03.019},
	Journal = {Language Sciences},
	Pages = {47--65},
	Title = {Syncretism and functional expansion in {G}ermanic wh-expressions},
	Volume = {36},
	Year = {2013},
	Bdsk-Url-1 = {https://doi.org/10.1016/j.langsci.2012.03.019}}

@phdthesis{Veselovska1995,
	Author = {Ludmila Veselovska},
	Date-Added = {2017-12-06 21:40:50 +0000},
	Date-Modified = {2017-12-06 21:40:50 +0000},
	School = {Univerzita Palack\'eho, Olomouc},
	Title = {Phrasal Movement and {X}-Morphology; {W}ord Order Parallels in {C}zech and {E}nglish Nominal and Verbal Projections.},
	Year = {1995}}

@incollection{VV1998,
	Author = {Enric Vallduv\'{i} and Maria Vilkuna},
	Booktitle = {The limits of syntax},
	Date-Added = {2017-12-06 21:40:50 +0000},
	Date-Modified = {2017-12-06 21:40:50 +0000},
	Editor = {Peter Culicover and Louise Mc{N}ally},
	Pages = {79--106},
	Publisher = {New York: Academic Press},
	Title = {On {R}heme and {K}ontrast},
	Year = {1998}}

@article{WeermanEvers2002,
	Author = {Fred Weerman and Jacqueline Evers-Vermeul},
	Date-Added = {2017-12-06 21:40:50 +0000},
	Date-Modified = {2018-12-17 03:01:51 +0100},
	Doi = {10.1016/S0024-3841(01)00049-3},
	Journal = {Lingua},
	Number = {4},
	Pages = {301--338},
	Title = {Pronouns and case},
	Volume = {112},
	Year = {2002},
	Bdsk-Url-1 = {https://doi.org/10.1016/S0024-3841(01)00049-3}}

@book{Wexler-Culicover1980,
	Author = {Kenneth Wexler and Peter Culicover},
	Date-Added = {2017-12-06 21:40:50 +0000},
	Date-Modified = {2017-12-06 21:40:50 +0000},
	Publisher = {Cambridge, MA: MIT Press},
	Title = {Formal principles of language acquisition},
	Year = {1980}}

@article{Wiklund-etal-2007,
	Author = {Anna-Lena Wiklund and Gunnar Hrafn Hrafnbjargarson and Kristine Bentzen and Thorbj\"org Hr\'oarsd\'ottir},
	Date-Added = {2017-12-06 21:40:50 +0000},
	Date-Modified = {2017-12-06 21:40:50 +0000},
	Journal = {Journal of Comparative Germanic Linguistics},
	Pages = {203-233},
	Title = {Rethinking {S}candinavian verb movement},
	Volume = {10},
	Year = {2007}}

@incollection{Wiland2008,
	Author = {Wiland, Bartosz},
	Booktitle = {Proceedings of {WCCFL} 27},
	Date-Added = {2017-12-06 21:40:50 +0000},
	Date-Modified = {2017-12-06 21:40:50 +0000},
	Editor = {Natasha Abner and Jason Bishop},
	Pages = {440-448},
	Publisher = {Somerville, MA: Cascadilla Press},
	Rating = {5},
	Title = {Circumstantial evidence for syntactic head movement},
	Year = {2008}}

@phdthesis{Wiland2009,
	Author = {Wiland, Bartosz},
	Date-Added = {2017-12-06 21:40:50 +0000},
	Date-Modified = {2018-07-11 01:24:18 +0000},
	Rating = {5},
	Read = {No},
	School = {Adam Mickiewicz University in Pozna{\'n}},
	Title = {Aspects of order preservation in {P}olish and {E}nglish},
	Url = {http://ling.auf.net/lingbuzz/000906},
	Year = {2009},
	Bdsk-Url-1 = {http://ling.auf.net/lingbuzz/000906}}

@article{Wiland2010,
	Author = {Wiland, Bartosz},
	Date-Added = {2017-12-06 21:40:50 +0000},
	Date-Modified = {2018-12-16 03:18:42 +0100},
	Doi = {10.1162/ling.2010.41.2.335},
	Journal = {Linguistic Inquiry},
	Number = {2},
	Pages = {335--347},
	Rating = {5},
	Read = {No},
	Title = {Overt evidence from Left-Branch Extraction in {P}olish for punctuated paths},
	Volume = {41},
	Year = {2010},
	Bdsk-Url-1 = {https://doi.org/10.1162/ling.2010.41.2.335}}

@incollection{Wiland2012,
	Author = {Bartosz Wiland},
	Booktitle = {{S}lavic languages in formal grammar},
	Date-Added = {2017-12-06 21:40:50 +0000},
	Date-Modified = {2018-08-04 11:52:47 +0000},
	Editor = {Mojmir Do\v{c}ekal and Marketa Zikov\'a},
	Pages = {307-324},
	Publisher = {Berlin/Frankfurt: Peter Lang},
	Series = {{P}roceedings of {FDSL} 8.5, {B}rno 2010},
	Title = {Prefix stacking, syncretism, and the syntactic hierarchy},
	Year = {2012}}

@article{Wiland2016,
	Author = {Bartosz Wiland},
	Date-Added = {2017-12-06 21:40:50 +0000},
	Date-Modified = {2019-04-10 02:55:38 +0200},
	Doi = {10.4467/23005920SPL.16.007.5881},
	Journal = {Studies in Polish Linguistics},
	Number = {3},
	Pages = {133--165},
	Title = {Le charme discret of remnant movement: {C}rossing and nesting in {Polish OVS} sentences},
	Volume = {11},
	Year = {2016},
	Bdsk-Url-1 = {https://doi.org/10.4467/23005920SPL.16.007.5881}}

@incollection{Will2007,
	Author = {Edwin Williams},
	Booktitle = {The {O}xford handbook of linguistic interfaces},
	Date-Added = {2017-12-06 21:40:50 +0000},
	Date-Modified = {2017-12-06 21:40:50 +0000},
	Editor = {Gillian Ramchand and Charles Reiss},
	Pages = {353--382},
	Publisher = {Oxford: Oxford University Press},
	Title = {Dumping lexicalism},
	Year = {2007}}

@unpublished{Will2008,
	Author = {Edwin Williams},
	Date-Added = {2017-12-06 21:40:50 +0000},
	Date-Modified = {2017-12-06 21:40:50 +0000},
	Note = {Ms., Princeton University},
	Title = {Merge and mirrors},
	Year = {2008}}

@book{Williams2003,
	Author = {Edwin Williams},
	Date-Added = {2017-12-06 21:40:50 +0000},
	Date-Modified = {2017-12-06 21:40:50 +0000},
	Publisher = {Cambridge, MA: MIT Press},
	Title = {Representation theory},
	Year = {2003}}

@book{Williams2011,
	Author = {Edwin Williams},
	Date-Added = {2017-12-06 21:40:50 +0000},
	Date-Modified = {2017-12-06 21:40:50 +0000},
	Publisher = {New York: Routledge},
	Title = {Regimes of derivation in syntax and morphology},
	Year = {2011}}

@book{Willim1989,
	Author = {Ewa Willim},
	Date-Added = {2017-12-06 21:40:50 +0000},
	Date-Modified = {2017-12-06 21:40:50 +0000},
	Publisher = {Krak{\'o}w: Zeszyty Naukowe Uniwersytetu Jagiello{\'n}skiego},
	Title = {On word order; {A} government and binding study of {E}nglish and {P}olish.},
	Year = {1989}}

@incollection{Willim2000,
	Author = {Ewa Willim},
	Booktitle = {Step by step; {E}ssays on minimalist syntax in honor of {H}oward {L}asnik},
	Date-Added = {2017-12-06 21:40:50 +0000},
	Date-Modified = {2017-12-06 21:40:50 +0000},
	Editor = {Roger Martin and David Michaels and Juan Uriagereka},
	Pages = {319--346},
	Publisher = {Cambridge, MA: MIT Press},
	Title = {On the grammar of {P}olish nominals},
	Year = {2000}}

@incollection{Wilt1998,
	Author = {Martina Wiltschko},
	Booktitle = {Proceedings of {WCCFL} 16},
	Date-Added = {2017-12-06 21:40:50 +0000},
	Date-Modified = {2017-12-06 21:40:50 +0000},
	Editor = {Emily Curtis and James Lyle and Gabriel Webster},
	Pages = {431--445},
	Publisher = {Stanford, {CA}: {CSLI P}ublications},
	Title = {Superiority in German},
	Year = {1998}}

@article{Witkos08,
	Author = {Jacek Witko{\'s}},
	Date-Added = {2017-12-06 21:40:50 +0000},
	Date-Modified = {2017-12-06 21:40:50 +0000},
	Journal = {Studia Anglica Posnaniensia},
	Pages = {297--328},
	Title = {On the correlation between {A-}type scrambling and the lack of {W}eak {C}rossover effects.},
	Volume = {44},
	Year = {2008}}

@article{Witkos1995,
	Author = {Jacek Witko{\'s}},
	Date-Added = {2017-12-06 21:40:50 +0000},
	Date-Modified = {2017-12-06 21:40:50 +0000},
	Journal = {Folia Linguistica},
	Number = {29},
	Pages = {223--264},
	Title = {Wh-extraction from clausal complements in {P}olish: {A} minimality/locality account},
	Year = {1995}}

@book{Witkos2003,
	Author = {Jacek Witko{\'s}},
	Date-Added = {2017-12-06 21:40:50 +0000},
	Date-Modified = {2017-12-06 21:40:50 +0000},
	Publisher = {Frankfurt am Main: Peter Lang},
	Title = {Movement and reconstruction; {Q}uestions and {P}rinciple {C} effects in {E}nglish and {P}olish},
	Year = {2003}}

@incollection{Witkos2007,
	Author = {Jacek Witko{\'s}},
	Booktitle = {Linguistic investigations into formal description of {S}lavic languages},
	Date-Added = {2017-12-06 21:40:50 +0000},
	Date-Modified = {2017-12-06 21:40:50 +0000},
	Editor = {Peter Kosta and Lilia Sch{\"u}rcks},
	Pages = {165--180},
	Publisher = {Frankfurt am Main: Peter Lang},
	Title = {Polish and {A-}type scrambling},
	Year = {2007}}

@incollection{WitkosDziem,
	Author = {Jacek Witko{\'s} and Anna Dziemianko},
	Booktitle = {{IFA}tuation; {A} festschrift for {P}rofessor {J}acek {F}isiak on the occasion of his 70th birthday},
	Date-Added = {2017-12-06 21:40:50 +0000},
	Date-Modified = {2017-12-06 21:40:50 +0000},
	Editor = {Katarzyna Dziubalska-Ko{\l}aczyk},
	Pages = {773--794},
	Publisher = {Pozna{\'n}: UAM Press},
	Title = {On the syntax of idioms and the {I}diomatic {C}onstituency {A}xiom},
	Year = {2006}}

@book{ZagB1975,
	Author = {Maria Zagorska-Brooks},
	Date-Added = {2017-12-06 21:40:50 +0000},
	Date-Modified = {2017-12-06 21:40:50 +0000},
	Publisher = {The Hague: Mouton},
	Title = {Polish reference grammar},
	Year = {1975}}

@inproceedings{Zaucer2005,
	Author = {Rok \u{Z}aucer},
	Booktitle = {Proceedings of the 2005 annual conference of the {C}anadian {L}inguistic {A}ssociation},
	Date-Added = {2017-12-06 21:40:50 +0000},
	Date-Modified = {2019-03-28 01:35:28 +0100},
	Editor = {Claire Gurski},
	Pages = {1-12},
	Publisher = {Department of French, University of Western Ontario.},
	Title = {Slovenian inceptive prefix \textit{za}-: a {VP} internal {P}},
	Year = {2005}}

@book{Comrie1981,
	Address = {Oxford},
	Author = {Bernard Comrie},
	Publisher = {Basil Blackwell},
	Title = {Language Universals and Linguistic Typology},
	Year = {1981}}

@book{Chomsky1957,
	Address = {The Hague},
	Author = {Noam Chomsky},
	Publisher = {Mouton},
	Title = {Syntactic structures},
	Year = {1957}}

@book{Circov1900,
	Address = {The Hague},
	Author = {{\'C}ircov, Boban},
	Publisher = {Mouton},
	Sortname = {Circov},
	Title = {Proceedings of Test Conference TCx3II},
	Year = {1957}}

@book{MeierCircovac1900,
	Address = {The Hague},
	Author = {Meier, Hans and {\'C}ircovac, Damir},
	Publisher = {Mouton},
	Title = {Toastbrot},
	Year = {1957}}
